3225 5442
348 708 402 752 LII
726 706 765 745 DE
785 705 852 746 vire
872 706 907 744 ET
926 702 1048 745 sceleris

345 818 718 891 semperimendamaaimam,
731 826 884 870 armannum·
902 821 948 868 tur
969 814 1067 868 horum
1085 818 1259 883 poematum
1280 813 1406 868 indolem
1421 829 1448 866 ae

345 908 424 960 quum
440 890 592 958 falleretur,
605 904 683 956 quum
693 886 813 938 Ciceroni
823 886 884 936 der-
901 889 1030 937 naturam
1048 881 1224 952 significare.
1260 883 1359 947 Quam
1375 881 1447 935 ratio·

345 960 436 1011 mirare
444 958 571 1009 interdum
577 956 765 1017 Demosthenes,
773 953 883 1005 Horatio
901 967 965 1005 nem
973 968 1025 1021 per
1040 968 1070 1005 se
1080 950 1197 1005 minime
1212 950 1447 1005 contemnendam

345 1045 406 1079 vero
429 1027 505 1078 eliam
526 1025 657 1075 Homerus
679 1024 734 1100 ipse
755 1022 880 1072 m'deulur.
902 1036 977 1087 esse,
996 1036 1049 1073 nos
1064 1018 1180 1088 quidem
1194 1019 1290 1073 facile
1313 1019 1445 1089 largimur,

345 1091 628 1149 Namutlloratiusin
637 1089 734 1159 lyricis
743 1088 883 1141 interdum
901 1088 1009 1142 etiamsi
1028 1088 1147 1141 alterum
1167 1085 1291 1141 titulum
1311 1088 1395 1140 unice
1409 1102 1445 1138 re·

345 1163 441 1231 lapsus
457 1160 494 1214 sit
511 1166 539 1214 et
556 1160 586 1212 in
599 1158 714 1227 egregio
730 1156 882 1210 carminum
900 1173 962 1209 rum
976 1172 1010 1209 ae
1023 1153 1181 1225 genuinum
1201 1172 1271 1209 esse
1293 1155 1381 1210 nobis
1393 1170 1444 1225 pcr-

346 1246 464 1298 eerpore
482 1244 588 1281 naevos
607 1226 746 1296 quosdam
768 1224 882 1292 adsper-
903 1225 1080 1278 suaserimus.

346 1315 392 1351 sos
410 1296 570 1366 reliquerit,
584 1293 749 1348 tamenidee
768 1292 823 1361 ipsi
837 1308 882 1345 ve·
925 1293 986 1345 Iam
1003 1307 1070 1344 vero
1088 1289 1134 1343 his
1153 1290 1304 1359 expositis
1329 1289 1444 1360 sequitur

344 1366 392 1419 nia
405 1365 501 1443 potius
516 1363 623 1428 danda,
643 1379 728 1432 quam
743 1367 882 1481 qirotenus
901 1361 1028 1427 tandem,
1054 1364 1087 1412 ut
1106 1358 1194 1412 etiam
1214 1359 1252 1411 de
1273 1359 1444 1429 temporibus

344 1450 434 1487 omnis
452 1431 558 1501 ingenii
577 1432 639 1484 laus
657 1435 707 1482 aut
724 1446 741 1481 a
763 1444 796 1481 eo
816 1428 881 1481 scri·
902 1427 1095 1482 disserendum
1114 1426 1163 1492 sit,
1195 1427 1311 1496 quibus
1331 1428 1443 1481 earmina

343 1508 455 1570 piorum
480 1499 627 1568 possessio
659 1496 804 1565 eripienda
831 1502 881 1550 est.
901 1496 989 1567 lyrica
1006 1496 1042 1549 ab
1061 1494 1182 1547 Horatio
1203 1496 1374 1565 composita
1390 1510 1443 1549 esse

258 1589 262 1596 ·
344 1568 464 1622 Omnino
493 1572 585 1621 autem
611 1566 778 1629 tenendum,
805 1565 882 1633 quod
901 1564 1036 1618 credibile
1046 1569 1097 1617 est.
1123 1562 1169 1615 De
1181 1562 1442 1633 quaquidemreia

342 1636 417 1690 idem
432 1635 622 1700 Quintilianus
635 1633 739 1686 Institi.
753 1633 790 1685 X.
800 1632 826 1700 1,
839 1632 881 1685 96.
900 1632 1061 1686 universum
1080 1630 1195 1701 quidem
1210 1630 1296 1685 haud
1312 1649 1383 1686 sane
1395 1648 1442 1683 ma·

343 1704 559 1775 prudentissime
580 1701 708 1771 scripsit:
743 1703 800 1766 „rii
819 1702 882 1769 ipri-
901 1698 1169 1770 gnaestdubitatie.
1194 1700 1251 1752 Est
1260 1700 1343 1753 enim
1352 1714 1442 1770 prope·

343 1792 433 1825 eorum
450 1772 653 1825 idemHoratias
670 1769 727 1836 sere
744 1772 817 1822 solas
832 1770 884 1837 lepi
900 1771 1013 1822 modum
1023 1774 1128 1821 certum
1139 1771 1167 1820 et
1175 1768 1380 1835 exploratum,
1397 1766 1441 1820 eri·

342 1843 450 1909 (tristium
468 1858 529 1892 num
539 1849 561 1892 et
571 1841 680 1906 imurqit
690 1840 845 1907 aliquunde,
859 1846 882 1888 et
901 1837 981 1906 giues
991 1836 1115 1905 ipsorum
1127 1834 1258 1888 incidere
1269 1835 1336 1890 fere
1346 1835 1376 1889 in
1384 1840 1442 1889 tem·

338 1911 434 1979 plenas
444 1908 650 1961 estinan-redituris
659 1915 683 1958 et
689 1907 799 1973 proriae,
809 1914 882 1957 elva·
900 1922 971 1973 pora
979 1905 1044 1957 inde
1055 1902 1157 1957 abello
1167 1901 1297 1957 Actiaco
1315 1902 1441 1974 usquead

342 1979 388 2029 riis
396 1978 490 2047 siparis
503 1986 527 2028 er
537 1976 619 2028 verbis
629 1975 775 2040 felicissime
785 1975 881 2025 audax.
900 1990 925 2026 a.
935 1991 962 2026 u.
972 1973 1030 2026 741.
1039 1977 1097 2038 aut,
1108 1970 1132 2023 si
1142 1970 1207 2040 quis
1217 1970 1261 2024 ita
1270 1972 1364 2041 malit,
1379 1971 1412 2025 ad
1421 1987 1440 2023 a

368 2044 473 2098 Verum
493 2043 562 2097 satis
580 2044 652 2095 haec
670 2042 705 2095 de
729 2041 882 2094 carminum
901 2040 959 2094 744Μ
981 2041 1015 2094 ld
1029 2039 1102 2094 enim
1113 2055 1199 2107 quum
1214 2038 1282 2108 ipsa
1294 2056 1394 2093 eorum
1406 2056 1440 2091 ar·

342 2112 561 2166 Horatianorum
587 2110 682 2163 indole
709 2126 744 2162 ac
770 2108 881 2161 virtute.
900 2114 1035 2178 gementu
1057 2106 1293 2160 verisimillimum
1318 2108 1439 2172 reddant

341 2180 489 2251 Pergimus
508 2180 544 2233 ad
568 2178 637 2245 alia,
665 2194 737 2247 quae
759 2178 881 2231 lectores
900 2184 959 2230 tum
983 2176 1066 2230 etiam
1090 2192 1123 2228 ex
1141 2190 1175 2228 eo
1194 2172 1231 2227 fit
1253 2175 1439 2244 perspicuum

342 2248 454 2302 Horatii
468 2248 580 2302 novisse
594 2246 714 2299 intersit.
740 2244 881 2309 Quamob·
901 2243 1137 2314 quodmutatione
1143 2241 1328 2311 reipublicae
1340 2244 1440 2297 demum

342 2334 401 2369 rem
409 2314 806 2384 primumdicemusdehorum
815 2328 881 2380 poe·
900 2309 1440 2393 atqueCaesarisOetavianipriueipatu

342 2390 447 2436 matum
457 2384 539 2436 titulo
550 2384 596 2435 vel
609 2381 801 2450 inscriptione.
824 2379 882 2448 Ap·
900 2387 929 2434 et
937 2380 1054 2450 imperio
1064 2379 1170 2432 factum
1180 2384 1236 2447 est,
1248 2384 1281 2432 ut
1285 2385 1382 2459 poeta
1390 2395 1438 2431 mu-

342 2452 461 2520 pellavit
470 2456 563 2504 autem
573 2450 634 2517 ipse
644 2449 782 2502 Horatius
791 2448 881 2516 lyrica
900 2449 966 2502 tatis
992 2446 1118 2516 pristinis
1145 2445 1294 2500 seribendl
1320 2445 1438 2501 consiliis

342 2524 474 2588 poemata
493 2534 544 2570 sua
559 2517 723 2585 simpliciter
738 2519 881 2570 carminum
899 2514 1439 2585 iampoesinlyricameamquemelieam

342 2586 470 2654 nomine,
485 2584 515 2637 id
544 2585 601 2637 uod
610 2590 690 2653 patet
699 2602 732 2638 ex
743 2585 795 2639 Od.
805 2585 828 2638 I.
837 2584 880 2651 32,
901 2584 955 2638 sibi
981 2581 1106 2652 inprimis
1129 2581 1283 2636 colendam
1313 2587 1437 2636 sumeret

341 2653 498 2720 3.111.1,2.
558 2652 616 2718 .30‚
628 2654 668 2706 10.
682 2653 731 2708 IV.
742 2654 766 2716 1,
776 2652 817 2706 24.
831 2653 880 2706 IV.
900 2653 983 2717 Quod
1001 2658 1096 2705 tamen
1113 2650 1153 2704 ita
1172 2650 1280 2703 dietum
1299 2651 1436 2715 volumus,

341 2722 419 2790 3,12.
433 2721 518 2788 1v.8‚
528 2721 569 2773 11.
583 2721 632 2775 IV.
643 2721 684 2789 15,
694 2722 736 2774 30.
754 2721 845 2790 Eped.
855 2721 879 2789 9,
899 2720 1047 2789 utsiugula
1058 2718 1436 2798 quaedamcarminaabipse

341 2790 366 2843 5.
384 2788 760 2859 Episl.11.2,59.et11.2,90.
780 2790 880 2852 Quam·
899 2789 953 2843 iam
963 2788 1054 2857 prius,
1073 2785 1198 2855 inprimis
1212 2802 1248 2839 ex
1264 2802 1323 2856 quo
1334 2786 1437 2840 animus

342 2875 427 2979 quam
445 2858 508 2911 aliis
527 2857 598 2911 locis
616 2876 721 2910 carmen
740 2856 825 2911 etiam
840 2856 880 2909 sie
900 2857 960 2911 eius
971 2858 1007 2909 sd
1017 2853 1295 2924 partesOetavianas
1305 2854 1436 2908 inclinare

362 2926 425 2994 ixit,
443 2933 476 2979 ut
509 2925 608 2979 uodvis
618 2930 779 2995 poematum
791 2940 880 2993 genus
900 2924 1054 2994 coepisset,
1079 2922 1236 2991 composita
1256 2939 1322 2977 esse
1342 2922 1436 2993 largia-

342 2945 628 3064 designet.(iiimirum
639 2994 740 3047 melica
748 2999 881 3061 poemata
899 3010 967 3045 mur.
1001 2993 1176 3060 Quamquam
1198 3006 1233 3043 ea
1257 2991 1393 3045 videntur
1412 2994 1437 3068 et

342 3064 441 3117 eximie
460 3065 603 3116 carminum
621 3062 733 3115 nomine
756 3060 821 3113 ideo
840 3061 880 3112 in·
899 3077 1015 3115 numere
1028 3076 1121 3129 pauca
1136 3064 1165 3111 et
1178 3058 1351 3127 argumente
1370 3059 1436 3112 lesia

342 3133 471 3203 signivit,
496 3131 563 3200 quia
580 3131 644 3200 ipsa
667 3128 774 3199 opponi
791 3127 882 3180 voluit
899 3129 1000 3196 fuisse,
1020 3126 1251 3198 quandoquidem
1266 3134 1436 3194 poctamap·

341 3202 519 3265 Semonibus,
537 3200 593 3252 hoe
607 3203 651 3252 est
665 3196 763 3251 Satiris
778 3201 809 3251 et
816 3195 880 3263 Epi·
899 3197 992 3319 ssamst
1009 3203 1068 3249 tum
1087 3193 1184 3248 Satiris
1200 3200 1229 3247 et
1242 3195 1358 3264 Epedis
1377 3194 1435 3248 seri-

281 3329 284 3335 ,
343 3270 433 3337 stolis,
446 3274 478 3320 ut
499 3273 545 3321 ote
556 3267 710 3320 seeundum
719 3265 807 3335 ipsius
819 3280 880 3317 sen·
919 3265 998 3319 endis
1015 3264 1095 3317 unice
1110 3261 1222 3315 dedisse
1237 3280 1366 3331 operam.
1387 3263 1435 3315 lta-

340 3336 458 3389 tentiam
489 3333 663 3403 at.I.4,42sq
685 3333 743 3387 .48.
753 3340 782 3387 et
791 3332 879 3401 Epist.
900 3350 953 3403 que
963 3351 1021 3386 non
1030 3332 1146 3384 multum
1156 3336 1352 3385 eerteareeto
1363 3332 1435 3385 aber-

340 3402 473 3469 11.1,250.
482 3351 880 3469 proditampegestriorationi
899 3402 1019 3468 raveris,
1055 3400 1080 3453 ei
1106 3398 1260 3452 carminum
1289 3399 1434 3469 lyricorum

343 3468 565 3537 cognatioribus.
576 3468 753 3536 Quamquam
762 3470 880 3521 carmine
899 3469 1080 3539 scriptionem
1093 3466 1211 3519 maxime
1226 3466 1296 3521 inde
1312 3468 1350 3521 ab
1366 3482 1433 3521 aune

342 3534 476 3604 opposuit
490 3534 574 3587 etiam
587 3535 651 3587 aliis
665 3535 760 3603 poesis
771 3536 879 3603 generi·
899 3536 1096 3607 724.,qu0sine
1107 3534 1192 3588 dubio
1201 3535 1312 3603 scripta
1322 3533 1435 3589 suntilla

342 3604 405 3668 bus,
415 3608 448 3654 ut
456 3600 547 3669 Epist.
558 3601 594 3654 H.
605 3602 630 3669 2,
640 3602 682 3654 25.
693 3603 841 3655 Carariae
854 3612 879 3654 iu
899 3604 988 3659 Carm.
998 3606 1035 3658 11.
1045 3605 1071 3672 2,
1081 3604 1152 3671 27sq
1175 3602 1261 3670 .I.26‚
1272 3602 1361 3673 5sqq.
1371 3600 1434 3667 Lar,

339 3671 498 3739 pendeatis
512 3671 654 3722 delectatur
666 3671 787 3722 iambis.
805 3670 878 3723 Ibid.
898 3673 932 3726 14
941 3691 1012 3753 sqq,
1027 3673 1063 3726 ab
1080 3688 1113 3725 eo
1124 3620 1300 3724 eeiebratam
1311 3687 1375 3725 esse
1385 3676 1434 3723 sta·

341 3739 382 3792 90.
404 3738 556 3793 earmina
570 3755 703 3806 compono,
713 3740 752 3791 iric
761 3740 877 3806 elepos.
898 3749 994 3809 tueris,
1003 3738 1169 3809 praesertim
1179 3755 1265 3808 quum
1274 3740 1434 3792 nullumus·

341 3806 441 3875 Itaque
448 3806 592 3857 carminum
601 3822 703 3859 nomen
714 3807 878 3875 augustiore
898 3827 981 3879 quarn
992 3824 1104 3862 carmen
1114 3806 1280 3875 reperiatur,
1293 3808 1373 3876 qued
1382 3822 1432 3858 ma·

341 3890 427 3928 sensu
440 3873 478 3926 ad
496 3872 614 3942 lyricum
633 3891 723 3943 genus
741 3874 879 3928 arbitratu
897 3877 1016 3931 nifestas
1031 3876 1137 3930 habeat
1150 3874 1305 3943 superioris
1321 3873 1434 3928 alieuius

340 3960 392 3997 suo
403 3941 553 3996 restrinxit.
571 3942 615 3995 Ex
630 3960 685 4012 quo
699 3943 797 4012 colligi
812 3944 879 3997 lieet
896 3945 1031 4014 temporis
1041 3947 1173 4009 notas‚ut
1183 3941 1435 4021 siquaeiamantea

340 4029 443 4066 nomen
458 4011 574 4064 Odorem
592 4028 609 4065 a
627 4012 817 4081 grammaticis
831 4013 878 4065 de·
897 4013 1004 4081 scripta
1029 4017 1178 4081 putantur,
1207 4026 1268 4063 erus
1296 4010 1434 4079 opinionis

340 4098 414 4134 mum
437 4080 580 4133 inventum
601 4097 693 4150 neque
716 4096 878 4160 germanum
898 4097 1016 4134 caussae
1026 4097 1083 4133 non
1097 4078 1126 4132 in
1137 4077 1220 4131 certis
1234 4076 1277 4131 rei
1291 4094 1433 4148 argumen·
1472 4072 1475 4080 '

340 4166 411 4217 esse,
426 4147 607 4201 sicutietiam
617 4149 744 4202 Bentleio
754 4148 784 4201 in
792 4149 877 4202 Prae·
896 4148 931 4201 tis
942 4148 987 4202 vel
996 4146 1172 4213 testimoniis,
1180 4146 1230 4199 sed
1239 4146 1270 4197 in
1279 4162 1434 4201 merameu·

340 4216 446 4270 satione
457 4216 494 4270 ad
504 4216 616 4270 Horatii
631 4233 719 4286 opera
733 4233 750 4270 a
761 4232 791 4270 se
801 4210 878 4270 edita
895 4216 932 4269 tis
943 4215 1103 4285 suspicione
1114 4219 1143 4268 et
1152 4213 1318 4267 coniectura
1328 4214 1433 4284 positae

310 4298 314 4305 ’
339 4283 877 4364 etKlotzioinLeett.Venuss.p.49sqq.
897 4283 978 4352 sinti
1017 4282 1243 4337 Diseemendum
1261 4287 1359 4335 autem
1377 4280 1433 4334 dili·

339 4368 430 4403 risum
457 4357 508 4404 est.
545 4352 681 4407 Nimirum
702 4353 876 4421 grammatici

340 4419 875 4496 οηοοοοηοηοηοηηηηοηοηηοοη-
895 4404 1176 4505 steririlem
1189 4403 1432 4494 satiarer

339 4484 388 4539 bio
401 4484 477 4552 adeo,
492 4484 558 4554 quia
571 4486 642 4539 illud
656 4487 758 4540 elarius
768 4486 875 4541 videres
894 4507 964 4548 cnm.
975 4508 1013 4547 111.
1024 4510 1056 4548 aa
1066 4517 1085 4547 a.
1096 4508 1141 4547 rm.
1161 4481 1231 4546 cmii.
1242 4506 1259 4544 1.
1270 4482 1307 4545 'ia
1316 4507 1353 4561 1⁹2
1361 4482 1393 4546 ai,
1402 4505 1431 4545 aa.
