3225 5442
452 731 658 788 cruuluuu
676 730 751 786 LIB.
765 733 818 786 111.

271 888 513 965 desiderantem,
532 888 618 970 quod
636 888 712 953 satis
730 899 792 966 est,
811 911 912 973 neque

270 981 496 1046 tumultuosum
515 982 659 1045 sollicitat
676 1004 771 1058 mare,

312 1097 370 1139 nec
389 1097 502 1140 saevus
520 1075 648 1139 Arcturi
666 1075 805 1139 cadentis

353 1168 488 1253 impetus
506 1178 561 1233 aut
578 1168 705 1234 orientis
723 1168 838 1245 Haedi,

267 1326 330 1368 non
347 1304 529 1369 verberatae
546 1306 699 1391 grandine
717 1305 826 1369 vineae

268 1396 447 1481 fundusque
464 1399 615 1475 mendax,
634 1398 744 1463 arbore
761 1421 845 1463 nunc
863 1422 961 1483 aquas

310 1491 468 1576 culpante,
486 1514 570 1556 nunc
588 1492 735 1557 torrentia
752 1516 845 1579 agros

353 1586 469 1663 sidera,
487 1608 571 1650 nunc
589 1585 707 1651 hiemes
725 1587 858 1669 iniquas.

269 1728 426 1784 contracta
442 1720 546 1805 pisces
564 1741 701 1803 aequora
718 1722 866 1798 sentiunt,

267 1812 354 1877 iactis
371 1812 404 1876 in
422 1813 520 1877 altum
537 1813 688 1890 molibus3
706 1814 768 1878 huc
785 1813 934 1897 frequens

309 1918 470 1971 caementa
487 1907 621 1971 demittit
637 1908 794 1972 redemtor

351 2022 423 2064 cum
441 2001 581 2079 famulis,
601 2001 808 2085 dominusque
827 2013 925 2068 terrae

265 2136 462 2202 fastidiosus:
481 2138 538 2202 sed
555 2137 665 2203 Timor
682 2154 714 2201 et
730 2137 840 2203 Minae

266 2232 419 2296 scandunt
436 2232 561 2310 eodem,
579 2254 643 2316 quo
660 2232 821 2310 dominus3
840 2255 941 2316 neque

308 2325 430 2389 decedit
447 2335 553 2391 aerata
570 2326 701 2402 triremi,
720 2335 752 2390 et

349 2429 422 2503 post
439 2420 575 2503 equitem
593 2421 681 2484 sedet
699 2429 766 2484 atra
784 2417 880 2485 Cura.

266 2555 379 2636 quodsi
396 2556 553 2620 dolentem
570 2577 629 2619 nec
644 2555 805 2642 Phrygius
823 2556 913 2641 lapis,

264 2670 322 2711 nec
338 2671 546 2733 purpurarum
565 2649 666 2713 sidere
684 2650 795 2715 clan'or

307 2742 423 2805 delenit
438 2765 516 2807 usus
535 2764 593 2807 nec
610 2742 744 2808 Falerna

348 2835 421 2900 vitis
438 2834 749 2919 Achaemeniumque
767 2846 899 2912 costum,

262 2992 318 3035 cur
332 2972 510 3037 invidendis
527 2970 669 3057 postibus
688 2982 719 3036 et
736 2994 819 3036 novo

263 3064 395 3130 sublime
412 3066 474 3130 ritu
491 3066 602 3131 moliar
618 3066 750 3130 atrium?

305 3181 360 3222 cur
376 3159 457 3223 valle
474 3169 648 3243 permutem
668 3158 787 3225 Sabina

345 3252 470 3317 divitias
487 3253 701 3338 operosiores?

492 3478 690 3539 ananau
711 3481 757 3539 11.

448 3622 473 3670 A
493 3623 518 3671 l)
555 3622 581 3671 A
599 3625 628 3672 Μ
644 3623 659 3671 1
678 3624 699 3671 C
720 3623 743 3674 0
763 3625 798 3674 S.

259 3742 438 3831 Angustam
456 3747 556 3812 amice
573 3749 754 3833 pauperiem
772 3752 838 3835 pati

258 3838 405 3904 robustus
423 3841 487 3904 acri
505 3841 615 3907 militia
631 3865 711 3927 puer

300 3933 474 4012 condiscat,
493 3943 524 3998 et
540 3934 676 4001 Parthos
695 3936 816 4002 feroces

342 4038 436 4093 vexet
453 4050 550 4112 eques
567 4032 754 4095 metuendus
772 4031 873 4107 hasta,

256 4162 416 4246 vitamque
433 4165 493 4229 sub
511 4166 583 4230 divo
602 4177 633 4231 et
651 4168 779 4252 trepidis
797 4177 872 4252 agat

256 4256 289 4320 in
305 4257 410 4323 rebus.
429 4259 517 4324 illum
535 4283 575 4325 ex
592 4260 756 4326 moenibus
774 4260 904 4325 hosticis

299 4362 442 4420 matrona
460 4352 603 4419 bellantis
622 4355 746 4440 tyranni

341 4446 534 4532 prospiciens
553 4456 584 4512 et
605 4448 712 4513 adulta
729 4449 818 4534 virgo

794 4573 798 4581 .
920 4555 963 4611 4*
