3225 5442
637 703 670 768 Q.
684 701 851 759 HORATII
863 703 1006 760 FLAccl

477 861 557 937 sive,
577 882 655 943 quos
673 859 754 924 Elea
771 861 899 924 domum
916 862 1038 926 reducit

476 954 582 1038 palma
599 954 763 1031 caelestes,
782 954 963 1045 pugilemve
981 978 1139 1039 equumve

478 1048 566 1124 dicit,
586 1057 617 1112 et
634 1057 760 1111 centum
777 1049 898 1133 potiore
917 1050 1018 1136 signis

540 1163 668 1205 munere
686 1141 795 1219 donat3

475 1276 571 1342 fiebili
589 1299 723 1361 sponsae
740 1279 927 1343 iuvenemve
943 1288 1070 1364 raptum

475 1370 589 1455 plorat,
609 1380 640 1435 et
657 1371 732 1435 viris
751 1370 952 1455 animumque
970 1395 1135 1457 moresque

474 1486 587 1530 aureos
606 1464 711 1528 educit
727 1465 760 1528 in
778 1473 876 1542 astra,
895 1466 1049 1552 nigroque

540 1558 658 1621 invidet
677 1555 773 1622 Orc0.

475 1684 574 1749 multa
591 1684 762 1748 Dircaeum
779 1684 865 1766 levat
881 1709 958 1750 aura
976 1708 1120 1771 cycnum,

475 1777 586 1855 tendit,
605 1777 738 1854 Antoni,
758 1778 880 1862 quoties
898 1780 931 1843 in
949 1780 1029 1845 altos
1117 1781 1121 1787 ’

475 1871 607 1936 nubium
623 1881 755 1936 tractus:
774 1894 849 1958 ego,
869 1874 937 1958 apis
955 1872 1098 1938 Matinae

446 2040 450 2046 1
539 1989 625 2031 more
642 1967 799 2049 modoque

475 2103 564 2179 grata
581 2094 736 2179 carpentis
755 2094 864 2179 thyma
880 2117 937 2179 per
953 2095 1092 2171 laborem

473 2188 642 2272 plurimum
661 2190 743 2254 circa
759 2211 872 2254 nemus
889 2190 1039 2274 uvidique

476 2281 603 2346 Tiburis
621 2282 720 2367 ripas,
740 2305 872 2367 operosa
888 2306 1004 2368 parvus
1087 2358 1090 2363 ,
1112 2318 1119 2330 ·

541 2376 679 2439 carmina
695 2376 790 2463 fingo,

474 2488 619 2568 concines
637 2505 754 2569 maiore
771 2514 864 2589 poeta
880 2504 998 2589 plectro

476 2595 658 2675 Caesarem,
677 2599 865 2681 quandoque
882 2599 984 2663 trahet
1000 2598 1122 2663 feroces

474 2712 531 2774 per
548 2713 671 2755 sacrum
689 2692 819 2769 clivum,
838 2693 948 2756 merita
965 2693 1105 2772 decorus

538 2784 663 2862 fronde,
685 2784 896 2871 Sygambros3

473 2932 536 2993 quo
553 2912 630 2975 nihil
647 2913 748 2976 maius
766 2913 919 2980 meliusve
937 2912 1027 2977 terris

455 3004 539 3079 ¹fata
557 3006 712 3071 donavere
730 3006 866 3089 bonique
884 3005 958 3082 divi,

473 3120 531 3162 nec
549 3099 681 3177 dabunt,
700 3100 844 3182 quamvis
861 3101 990 3165 redeant
1007 3100 1041 3163 in
1058 3122 1167 3163 aurum

538 3202 679 3278 tempora
696 3194 843 3278 priscum.

475 3321 620 3386 concines
638 3322 800 3405 laetosque
818 3322 885 3387 dies
905 3331 936 3386 et
954 3321 1053 3387 Urbis

472 3413 632 3497 publicum
650 3415 759 3479 ludum
778 3438 873 3501 super
888 3417 1062 3504 impetrato·

474 3506 563 3571 fortis
582 3507 723 3594 Augusti
739 3508 855 3586 reditu,
875 3509 1040 3592 forumque

538 3600 644 3667 litibus
663 3603 783 3668 orbum.
997 3627 1002 3637 ·

474 3737 539 3791 tum
558 3751 660 3807 meae,
680 3730 707 3793 si
718 3730 800 3813 quid
818 3730 928 3813 loquar
945 3729 1144 3803 audiendum,

355 3831 362 3843 '
474 3823 560 3888 vocis
578 3824 706 3887 accedet
723 3824 805 3889 bona
822 3846 909 3909 pars,
928 3832 959 3887 et
978 3845 1016 3902 „o
1036 3820 1093 3887 Sol

473 3916 616 4001 pulcher,
636 3940 654 3981 o
672 3916 866 3982 laudandel“
886 3940 1009 3993 canam,
1028 3923 1153 4000 recepto

452 4019 454 4024 ’
539 4008 676 4075 Caesare
694 4010 779 4074 felix.

475 4148 570 4221 tuque
588 4138 664 4202 dum
680 4138 838 4222 procedis:
858 4138 908 4217 „io
926 4136 1122 4222 triumphel“

474 4255 538 4296 non
555 4231 652 4297 semel
669 4231 825 4295 dicemus:
846 4231 895 4311 „io
914 4228 1108 4315 triumphel“

380 4330 384 4338 '
473 4325 583 4389 civitas
601 4326 717 4401 omnis,
736 4325 943 4409 dabimusque
961 4324 1042 4389 divis

536 4418 627 4482 thura
644 4418 797 4504 benignis.
