3225 5442
612 729 640 777 Q·
659 728 779 769 nouerit
798 726 902 767 FLACCI
1261 724 1298 768 Ll

203 835 352 902 lationem,
381 852 512 905 magnam
531 836 742 904 obscuritatem,
761 836 899 890 rationem
925 836 1033 906 poesis,
1066 836 1156 906 qualis
1179 836 1300 907 Augusti

203 905 261 958 alia
278 905 346 957 vitia
365 904 474 972 similia,
493 904 523 957 in
536 904 593 957 illis
608 906 743 959 odoratus
762 912 856 959 aetate
879 905 977 975 viguit,
997 922 1168 975 quaequam
1187 906 1299 958 omnino

203 977 308 1040 esset,1
324 971 458 1026 continuo
472 973 608 1041 plurimos
623 973 703 1026 locos
713 979 744 1025 ut
762 990 819 1026 non
837 974 946 1040 nativa,
967 975 1017 1026 sod
1036 979 1095 1026 arte
1115 973 1192 1026 facta
1211 980 1299 1039 essct,

203 1041 315 1109 spurios
334 1045 364 1093 ot
380 1040 493 1109 ineptus
516 1040 669 1094 eiiciendos
689 1046 820 1106 sta-itum
839 1042 923 1094 ctiam
945 1040 1127 1094 artificiorum
1148 1041 1300 1094 rhetorico-

202 1109 270 1171 tuit,
288 1108 329 1161 ita
339 1115 369 1159 ut
378 1108 526 1160 Horatium
541 1125 631 1177 prope
641 1126 675 1162 ex
685 1109 823 1162 lto-num
850 1110 962 1163 laudem
986 1109 1139 1162 studiosius
1167 1109 1300 1177 captavit,

202 1177 276 1230 ratio
301 1176 449 1229 sustulisse
471 1176 613 1243 videatur,
645 1177 744 1245 quinta
762 1195 851 1247 usque
874 1178 941 1230 dum
968 1177 1089 1246 denique
1117 1183 1178 1229 tota
1195 1179 1254 1230 fere
1272 1177 1302 1229 in

203 1245 292 1298 t'ermc
303 1245 420 1296 odarum
433 1250 515 1312 parte
525 1244 631 1298 nomini
641 1252 743 1313 poetae
762 1246 932 1299 rhetoricam
954 1245 1055 1313 poesin
1074 1245 1174 1297 abiret.
1201 1246 1301 1314 ltaque

203 1313 324 1366 ademta.
350 1312 397 1365 De
416 1313 518 1381 quibus
537 1312 650 1382 quidem
670 1312 743 1365 criti·
764 1322 906 1367 suntsane
918 1313 1301 1381 nonpaucainiloratiicar-

203 1396 302 1433 corum
326 1379 549 1433 dubitationibus
572 1381 596 1433 si
618 1386 743 1434 nostram
763 1381 884 1434 minibus
896 1381 1048 1434 studiosius
1060 1381 1201 1459 quaesita3
1214 1382 1302 1434 multa

202 1447 325 1518 requiris
336 1448 617 1517 seutentiam‚paucis
628 1465 743 1516 respon·
762 1451 829 1502 item
842 1466 1009 1503 aerumnosa
1023 1449 1171 1517 diligentia
1189 1466 1301 1517 compo-

203 1515 744 1585 dcrelicebit.Etenimprimumquidem
763 1519 832 1584 sita3
850 1520 939 1570 multa
949 1517 1079 1586 denique,
1090 1517 1117 1569 iu
1125 1517 1301 1586 quibuspan·

202 1599 377 1653 magnopere
388 1600 524 1652 veremur,
538 1585 566 1636 id
578 1586 654 1653 quod
665 1553 754 1655 salvai
783 1586 863 1639 endis
880 1591 968 1654 pocta
985 1585 1092 1654 ingenii
1110 1585 1244 1637 vicarium
1263 1586 1301 1638 vi·

203 1650 509 1721 praestantissimorum
525 1652 646 1705 virorum
662 1605 845 1707 rene-detur
863 1654 997 1707 habuisse
1016 1653 1205 1722 operosiorem
1223 1653 1301 1706 labo·

203 1720 432 1773 rationedictum
446 1720 490 1787 sit,
505 1737 550 1787 ne,
585 1722 613 1772 ui
627 1720 667 1773 ita
681 1685 829 1775 cen-irem.
848 1722 948 1791 Neque
959 1721 1301 1790 enimpraeterveritatcm

204 1796 331 1855 suerunt,
350 1788 369 1839 ii
384 1794 443 1841 arte
453 1738 669 1857 Horatiiiyrica
686 1775 853 1843 uon¹Carm
863 1790 912 1844 lV.
926 1791 951 1858 2,
961 1789 1062 1859 28sqq.
1077 1805 1139 1842 sese
1154 1789 1301 1858 professus

204 1855 274 1909 satis
286 1856 401 1925 cognita
414 1861 443 1909 et
452 1857 629 1909 considerata
640 1858 674 1909 de
686 1874 744 1909 car·
763 1864 807 1911 est
816 1860 872 1927 apis
881 1859 998 1910 illatiooe
1008 1876 1078 1909 ruore
1087 1859 1211 1925 modoque
1223 1867 1302 1925 prora

205 1924 309 1976 minum
324 1924 384 1976 eius
403 1925 606 1993 compositione
621 1925 744 1993 iniquius
763 1928 892 1996 cementis
910 1929 994 1995 thyma
1013 1944 1062 1994 per
1080 1927 1195 1977 laborem
1214 1927 1301 1994 plari-

206 1991 364 2059 statuerint,
372 1992 477 2061 quippe
487 1993 536 2062 qui
546 1982 832 2071 omniapotius'mum
859 1997 928 2047 circa
954 2012 1042 2045 nemus
1063 1995 1181 2061 uvidique
1201 1994 1303 2045 Tiburis

208 2030 835 2131 rddialecticarumlegumseventatemlripae
862 2080 997 2130 operoso
1020 2078 1133 2129 pomum
1159 2062 1302 2112 carmina

209 2144 291 2197 quam
304 2129 341 2180 ad
355 2128 460 2196 lyricae
474 2129 571 2197 poesis
582 2127 707 2181 indolem
717 2091 754 2181 etl
762 2133 870 2199 stupere.
917 2129 1106 2193 Quamobrem
1137 2127 1301 2196 neutiquam

213 2201 344 2262 laturam,
360 2196 474 2264 qualem
482 2203 569 2265 poeta
579 2193 640 2263 ipse
650 2173 856 2258 animoiomnia
870 2198 960 2250 libero
975 2196 1060 2249 animi
1079 2195 1177 2263 spiritu
1191 2195 1256 2247 fusa
1274 2201 1303 2247 et

212 2280 258 2316 suo
268 2263 486 2330 intermisisset,
502 2264 649 2333 exegerint
658 2264 982 2340 atquelintegromentis
993 2264 1089 2332 vigore
1100 2263 1212 2331 prolata
1222 2269 1300 2331 suntq

214 2332 432 2384 diiudicaverint.
449 2331 585 2385 Nimirum
596 2331 743 2385 offensioni
763 2333 818 2387 imo
828 2334 948 2402 plurima
957 2333 1086 2385 videntur
1095 2347 1153 2383 non
1164 2330 1301 2384 sinediffi·

216 2398 743 2468 psisfueruntinprimislongioresillac
752 2344 755 2471 i
764 2403 869 2455 cultata
879 2401 963 2469 edita,
970 2406 1002 2453 ut
1006 2416 1094 2468 prope
1102 2400 1302 2452 vultumnitcn-

216 2467 410 2536 ligressiones‚
438 2468 604 2521 audaciores
633 2474 743 2521 senten·
763 2470 799 2522 tis
813 2470 945 2523 referant
971 2468 1010 2521 At
1024 2473 1177 2521 enimvero
1193 2467 1302 2521 etiamsi

218 2537 307 2589 iarum
333 2535 514 2589 traiectiones
542 2542 570 2589 et
594 2542 744 2589 commuta-
763 2539 834 2591 haec
852 2539 892 2591 ita
911 2554 973 2591 sese
992 2536 1130 2603 habeant,
1154 2542 1249 2589 tamen
1268 2552 1302 2588 ea

219 2604 313 2671 iones,
341 2604 462 2673 denique
485 2603 684 2657 insolentiores
707 2604 743 2656 ab
763 2604 926 2675 neutiquam
940 2606 980 2658 ita
995 2610 1060 2657 sunt
1074 2610 1250 2672 comparata,
1270 2610 1303 2655 ut

224 2672 269 2723 liis
284 2672 322 2724 ad
336 2672 392 2725 alia
405 2672 588 2725 transitiones
619 2688 690 2741 quas
704 2678 744 2724 ta·
763 2682 812 2728 aut
825 2674 962 2727 unitatem
978 2691 1011 2726 ae
1026 2672 1232 2741 simplieitatem
1243 2672 1301 2723 uni-

223 2756 271 2793 ren
283 2746 396 2808 poetam
410 2739 530 2792 vidimus
546 2712 643 2793 dedita
659 2757 745 2807 opera
763 2760 908 2796 versorum
927 2742 1078 2794 carminum
1101 2740 1233 2793 auferunt
1254 2745 1303 2792 aut

224 2814 345 2861 ectatum
359 2823 422 2861 esse
435 2814 534 2877 utpote
548 2809 629 2877 poesi
639 2808 744 2877 lyricae
763 2811 865 2864 iustam
876 2811 1049 2880 singularum
1062 2809 1184 2876 partium
1194 2808 1301 2860 iunctu-

227 2892 265 2928 0n
273 2876 358 2929 modo
371 2882 585 2943 consentaneas,
600 2878 744 2945 sedplanc
763 2897 823 2932 ram
840 2886 869 2933 et
887 2878 1096 2947 copulationem
1118 2877 1234 2928 turbent
1256 2876 1303 2928 vel

227 2944 391 2997 eeessarias.
409 2944 462 2996 His
472 2960 538 2997 vero
548 2944 653 2997 rectius
664 2944 745 2999 aesti·
763 2947 925 3015 impediant.
952 2946 1087 2999 Nimirum
1104 2949 1254 2995 ccrnuntur
1268 2959 1303 2995 ea

229 3011 289 3064 ratis
300 3018 375 3065 certe
385 3011 432 3064 alii
443 3011 533 3066 critici
543 3012 745 3081 etintcrpretes
763 3016 792 3067 in
811 3032 840 3068 re
860 3013 982 3082 vestigia
995 3011 1200 3065 artificiosioris
1215 3010 1302 3063 Grae·

231 3079 295 3131 ‚ulto
309 3079 439 3147 profecto
454 3080 537 3133 aliter
550 3081 585 3134 de
595 3080 745 3133 virtutibus
765 3100 860 3136 corum
869 3080 1042 3146 imitationis,
1051 3077 1302 3148 quaeetsiliberio-

233 3148 362 3200 erminum
392 3148 612 3201 Horatiauorum
642 3154 745 3202 statue·
764 3144 1302 3219 remingeniiimpetumnonnihilretar-

233 3221 282 3283 mt,
302 3216 405 3284 quibus
422 3233 475 3269 uos
495 3217 608 3285 quidem
625 3216 747 3269 fatemur
765 3217 852 3284 davit,
865 3226 959 3271 tamen
969 3214 1116 3285 quominus
1132 3212 1224 3265 omnia
1234 3212 1302 3281 legi·

235 3283 433 3352 aadstipulari‚
445 3290 478 3337 ut
485 3284 662 3353 paucissimis
674 3284 745 3337 locis
765 3287 832 3338 time
842 3289 1085 3353 componerentur,
1096 3280 1207 3333 minime
1217 3281 1302 3349 impe·

254 3352 448 3405 universorum
467 3352 620 3406 carminum
634 3369 745 3421 compo-
765 3353 824 3407 diit.
860 3355 903 3408 Ea
922 3369 977 3423 quo
997 3366 1175 3419 consequens
1196 3354 1252 3416 est,
1271 3355 1303 3401 ut

238 3420 311 3473 tione
329 3426 414 3490 atque
433 3420 607 3490 singularum
624 3420 745 3489 partium
764 3439 823 3475 non
842 3422 935 3474 statim
953 3422 987 3473 de
1002 3419 1152 3473 verborum
1167 3418 1302 3485 deprava-

240 3506 305 3541 rum
316 3490 562 3557 coagmentatione
571 3489 630 3541 iure
642 3488 746 3542 offendi
765 3490 841 3544 tione
862 3496 911 3543 aut
932 3490 1059 3542 locorum
1082 3486 1302 3555 interpolatione

244 3556 405 3610 istimemus.
423 3558 576 3611 Praeterea
585 3573 651 3610 vero
662 3557 746 3611 etiam
766 3559 947 3638 cogitandum
958 3556 1002 3623 sit,
1013 3555 1103 3608 sicubi
1113 3554 1220 3623 aliquid
1230 3552 1302 3606 diffi-

242 3624 287 3676 iud
301 3625 439 3694 quidest,
459 3626 536 3696 quod
549 3625 626 3677 haud
644 3625 746 3679 scimus
766 3627 846 3679 cilius
860 3626 1035 3680 elaboratum
1047 3622 1197 3676 videatur.1
1218 3621 1303 3675 Deni-

245 3709 276 3743 m
290 3694 355 3745 viris
371 3693 463 3746 doctis
477 3694 506 3746 in
519 3693 746 3746 iudicandisHo-
766 3712 821 3764 que
845 3694 929 3748 etiam
950 3694 1005 3745 hac
1028 3692 1057 3744 in
1077 3708 1178 3744 caussa
1197 3690 1240 3744 fas
1260 3695 1304 3742 cst
1329 3727 1330 3730 ,

246 3759 274 3811 tii
296 3761 466 3814 carminibus
488 3761 617 3814 fraudem
639 3762 747 3815 lecerit.
765 3762 924 3816 meminisse
944 3777 1049 3828 eorum,
1070 3776 1142 3828 quac
1156 3759 1303 3827 praeclare

249 3828 747 3899 ,ntenimcarminaHoratiipleraquc
767 3830 880 3952 scrigoit
888 3827 1081 3889 Quintilianus
1090 3827 1226 3880 institutt.
1236 3825 1305 3881 Χ.1..

248 3895 746 3967 miaartificiosecomposita,quippe
765 3898 825 3979 pst
860 3939 867 3951 .
886 3898 930 3952 ed.
946 3898 1063 3951 Gesner.
1098 3897 1193 3963 Neque
1209 3895 1303 3956 statim,

250 3980 296 4015 um
308 3970 395 4032 poeta
408 3964 437 4017 in
450 3965 484 4018 iis
495 3966 651 4019 condendis
662 3966 747 4020 Grae·
765 3967 866 4036 inquit,
881 3968 976 4035 tepenti
982 3981 1139 4034 persuasam
1151 3964 1195 4025 sit,
1209 3963 1303 4024 omnia,

251 4048 307 4083 rum
316 4035 445 4101 exempla
458 4035 494 4088 ob
510 4034 608 4087 oculos
618 4034 749 4087 habuerit
767 4054 833 4105 qaue
846 4036 935 4103 maqoi
947 4043 1065 4085 auctores
1079 4031 1200 4090 dicerint,
1218 4030 1304 4096 atique

253 4115 363 4170 rumque
382 4102 437 4154 vim
454 4108 484 4155 et
502 4102 673 4171 elegantiam
690 4109 748 4155 tam
766 4121 820 4156 esse
832 4100 961 4171 perfecto.
989 4101 1062 4152 Nam
1080 4111 1103 4149 et
1118 4097 1240 4175 labuntur
1254 4097 1303 4147 uli·

254 4184 318 4222 mae
338 4186 422 4237 quam
441 4170 574 4224 materiae
594 4170 692 4224 habita
705 4188 748 4223 ra·
767 4173 883 4239 quoodo,
902 4168 1120 4231 etooericedeot,
1140 4164 1304 4243 cleodulpent

255 4252 288 4288 uc
298 4236 435 4291 imitando
451 4238 605 4307 exprimere
619 4238 748 4291 voluerit.
766 4239 928 4307 inperitorum
953 4252 1060 4287 suorum
1084 4234 1222 4300 voluptate,
1258 4248 1304 4283 occ

263 4314 319 4373 quo
342 4311 429 4373 poeta
452 4307 535 4359 simul
557 4306 641 4359 etiam
660 4307 751 4359 tenuit

258 4394 383 4402 -····--
793 4378 804 4415 1
818 4375 918 4414 Endera
932 4374 1017 4422 egregie
1031 4372 1134 4420 quaedum
1145 4370 1228 4409 monuit
1236 4370 1302 4409 Bern-

264 4424 289 4475 Q.
307 4424 386 4467 Horati
404 4426 477 4468 Flacci
493 4426 605 4469 Carmina.
624 4438 707 4469 recens.
723 4425 748 4467 P.
767 4428 836 4476 hardy
858 4428 880 4465 in
904 4435 995 4467 censura
1012 4422 1099 4464 Horatii
1118 4420 1303 4472 Parthorumque,

259 4488 321 4518 uano
331 4476 468 4531 Peerlkamp·
487 4479 590 4528 Heriem,
600 4482 659 4519 leat.
669 4482 688 4519 8.
698 4482 748 4519 mal.
768 4489 822 4527 quae
836 4478 916 4517 inserts
930 4480 962 4516 cst
975 4476 1053 4514 diario:
1071 4474 1152 4514 Berlin.
1161 4473 1277 4513 saurauer.
1288 4474 1302 4511 f.

260 4529 280 4567 tf·
290 4540 312 4578 Ρ·
322 4530 403 4579 ἮΙΨΙ·
767 4529 971 4570 wissensch.Kritlk
980 4538 1000 4567 a.
1006 4528 1064 4567 leet.
1069 4537 1138 4565 meus.
1144 4525 1195 4564 Maii
1200 4536 1221 4564 n.
1227 4527 1251 4565 91
1257 4536 1302 4574 sqq.

1089 4576 1131 4640 D*
