3225 5442
474 742 750 801 EPISTOLARUM
767 744 841 799 LIB.
855 746 892 800 ΙΙ.
1132 735 1196 799 213

192 899 300 965 rllicito
319 899 430 963 damus
449 910 502 963 aut
520 901 606 965 sesso
612 926 621 979 ;
639 923 737 984 quum
754 902 921 980 laedimur,
940 926 1037 967 unum

192 1054 194 1058 ,
213 994 283 1077 quis
302 994 473 1057 amicorum
491 1004 540 1059 est
557 1017 653 1059 ausus
672 996 857 1082 reprendere
875 1020 1001 1061 versum
1007 1023 1015 1075 3

191 1112 265 1152 uum
281 1087 352 1151 loca
367 1088 430 1151 iam
448 1088 577 1152 recitata
593 1088 783 1154 revolvimus
803 1090 980 1168 irrevocati3

191 1206 264 1246 uum
281 1182 501 1259 lamentamur,
520 1205 583 1247 non
601 1205 750 1267 apparere
768 1183 892 1249 labores

191 1286 289 1340 ostros
308 1285 340 1339 et
357 1275 442 1338 tenui
461 1276 595 1340 deducta
611 1286 757 1362 poemata
775 1277 842 1355 filo;

190 1392 269 1465 uum¹
282 1391 444 1454 speramus
463 1391 500 1433 eo
518 1391 584 1433 rem
603 1381 781 1447 venturam,
801 1382 835 1433 ut
854 1371 946 1435 simul
965 1382 1058 1456 atquc

191 1464 304 1528 irmina
322 1463 464 1528 rescieris
483 1486 540 1528 nos
558 1464 692 1550 fingere,
712 1466 894 1530 commodus
914 1466 994 1531 ultro

190 1580 307 1621 messae
326 1567 357 1620 et
376 1579 468 1642 egere
487 1568 573 1621 vetes
593 1571 623 1621 ct
642 1558 777 1623 scribere
796 1581 902 1644 cogas.

190 1652 223 1715 acl
241 1663 346 1715 tamen
363 1662 412 1716 est
429 1674 542 1736 operae
560 1653 694 1736 pretium
713 1675 916 1739 cognoscere,
936 1654 1044 1738 quales

189 1745 307 1809 edituos
325 1743 440 1809 habeat
457 1744 531 1809 belli
550 1756 689 1830 spectata
707 1746 854 1829 domique

189 1839 264 1902 irtus
282 1838 411 1924 indigno
429 1863 493 1903 non
511 1840 734 1904 committenda
751 1850 872 1925 poetae.

189 1941 273 1996 ratus
292 1932 475 1997 Alexandro
493 1933 561 2019 regi
578 1956 693 2018 magno
711 1933 771 1997 fuit
788 1934 840 1997 illc

188 2026 345 2104 thoerilus,
364 2027 490 2091 incultis
508 2028 562 2110 qui
580 2027 723 2092 versibus
742 2037 773 2091 et
790 2028 872 2091 male
890 2029 971 2093 natis

188 2121 282 2185 ntulit
298 2131 457 2205 acceptos,
476 2121 581 2206 regale
599 2122 768 2197 nomisma,
787 2120 962 2208 Philippos.

188 2216 221 2280 ed
238 2214 335 2279 veluti
353 2223 483 2279 tractata
500 2226 606 2279 notam
624 2215 790 2298 labemque
808 2216 969 2279 remittunt

188 2319 351 2385 tramenta,
370 2309 436 2373 fere
455 2309 621 2394 scriptores
640 2310 777 2373 carmine
796 2310 890 2374 foedo

187 2402 329 2488 plendida
347 2402 430 2466 facta
447 2403 557 2467 linunt.
581 2403 665 2467 idern
682 2427 739 2467 rex
755 2404 822 2480 illc,
841 2426 955 2488 poema

187 2497 218 2560 ui
237 2508 300 2560 tarn
318 2496 483 2561 ridiculum
502 2507 566 2561 tarn
584 2520 655 2561 care
673 2498 824 2583 prodigus
844 2497 928 2574 emit,

186 2590 266 2654 licto
284 2590 382 2653 vetuit
399 2612 438 2654 ne
457 2590 527 2673 quis
546 2613 580 2655 se
598 2601 721 2675 practer
738 2590 886 2675 Apellcm

186 2683 305 2769 ingeret
322 2692 376 2747 aut
394 2682 473 2748 alius
491 2684 636 2768 Lysippo
655 2686 782 2748 duceret
800 2707 873 2748 aera

185 2778 252 2843 >rtis
270 2775 445 2841 Alexandri
463 2778 582 2840 vultum
602 2778 790 2842 simulantia.
814 2780 928 2861 quodsi

186 2870 312 2933 rdicium
331 2870 444 2934 subtile
462 2871 605 2935 videndis
624 2871 743 2936 artibus
761 2873 840 2935 illud

186 2963 316 3027 llibros
336 2972 366 3027 et
384 2963 521 3027 adhaec
539 2964 706 3029 Musarum
725 2965 808 3029 dona
826 2987 966 3041 vocares,

185 3065 318 3122 locotum
335 3057 368 3120 in
386 3079 492 3122 crasso
510 3059 629 3123 iurares
647 3082 718 3123 aere
736 3070 854 3123 natum.

185 3161 314 3234 tneque
333 3151 522 3216 dedecorant
540 3163 594 3216 tua
612 3154 651 3217 dc
670 3176 704 3217 se
722 3153 838 3216 iudicia
855 3161 949 3233 atque

185 3266 304 3321 lunera,
323 3266 404 3327 quae
423 3246 521 3309 multa
538 3247 641 3311 dantis
660 3269 731 3311 curn
749 3246 842 3310 laude
861 3245 1007 3320 tulerunt,

184 3337 266 3401 ilecti
284 3337 341 3401 tibi
359 3338 510 3425 Virgilius
530 3340 707 3424 Variusque
724 3348 835 3424 poetae
841 3364 850 3416 ;

184 3453 219 3495 ec
237 3431 339 3518 magis
358 3434 499 3517 expressi
517 3436 623 3499 vultus
641 3458 697 3521 per
715 3458 812 3498 aenea
831 3434 930 3519 signa,

184 3548 255 3589 uam
273 3547 330 3610 per
347 3528 427 3591 vatis
446 3550 525 3612 opus
544 3551 647 3593 mores
666 3528 823 3611 animique
841 3528 979 3591 virorum

183 3619 315 3684 larorum
333 3632 493 3706 apparent.
516 3645 574 3687 nce
593 3646 753 3688 sermones
772 3645 833 3708 ego
851 3621 977 3685 mallem

184 3722 304 3798 rpentes
321 3737 379 3800 per
395 3715 540 3793 humum,
559 3739 654 3799 quarn
671 3740 721 3781 res
741 3739 927 3803 componere
945 3725 1062 3801 gestas,

184 3830 374 3891 errorumque
393 3809 471 3873 situs
490 3820 521 3873 et
538 3810 668 3874 flumina
685 3811 788 3875 dicere
806 3820 838 3874 et
855 3832 943 3874 arces

184 3899 319 3965 tontibus
336 3902 501 3986 impositas
520 3913 551 3967 et
568 3903 701 3968 barbara
717 3927 830 3989 regna,
849 3904 973 3986 tuisque

183 3993 308 4077 uspieiis
328 4004 427 4059 totum
446 3996 588 4061 confecta
606 3997 709 4061 duclla
726 4020 783 4082 per
800 3996 917 4073 orbern,

183 4087 357 4171 laustraque
376 4091 538 4155 custodem
555 4091 643 4176 pacis
662 4090 840 4155 cohibentia
857 4089 979 4165 Ianum,
1210 4109 1259 4157 255

183 4189 190 4243 ‘z
208 4179 407 4246 formidatam
425 4183 551 4248 Parthis
570 4194 600 4248 te
618 4184 758 4269 principe
775 4184 910 4248 Romam
916 4207 925 4259 ;

183 4320 196 4351 4,
216 4285 369 4357 quantum
384 4298 541 4362 cuperem,
560 4300 687 4362 possem
706 4299 846 4360 quoque:
865 4276 922 4339 secl
939 4297 1040 4358 neque
1057 4297 1190 4360 parvum

184 4390 286 4431 armen
303 4368 452 4435 maiestas
470 4371 580 4455 recipit
598 4379 665 4447 tua,
685 4393 743 4434 nec
760 4392 850 4434 meus
869 4369 964 4433 audet

183 4483 225 4525 em
244 4470 362 4526 tentare
380 4463 495 4547 pudor,
514 4485 608 4546 quam
627 4464 708 4529 vires
727 4465 808 4529 ferre
825 4457 979 4529 rec'usent.
