3225 5442
310 699 377 766 204
639 706 674 772 Q.
687 703 852 761 HORATII
869 704 1024 761 mccl

311 870 404 934 dente
422 865 587 932 Theonino
605 884 702 945 quum
721 863 980 939 circumditur,
1003 864 1122 947 ecquid

312 965 354 1028 ad
371 974 401 1027 te
419 972 490 1047 post
508 959 613 1046 paullo
632 968 763 1022 ventura
778 958 923 1043 pericula
941 958 1069 1023 sentis?

312 1081 385 1122 nam
404 1068 458 1119 tua
474 1078 525 1118 res
543 1053 660 1139 agitur,
678 1052 781 1137 paries
799 1074 900 1134 quum
917 1052 1093 1137 proximus
1111 1054 1209 1129 ardet,

261 1171 295 1221 85
313 1161 344 1215 et
362 1149 505 1235 neglecta
523 1146 625 1212 solent
642 1146 786 1210 incendia
803 1167 931 1209 sumere
949 1146 1050 1210 vires.

356 1243 455 1307 dulcis
473 1240 644 1326 inexpertis
662 1240 785 1303 cultura
801 1238 942 1323 potentis
961 1239 1078 1316 anrici3

313 1347 460 1421 expertus
478 1333 601 1398 metuit:
621 1343 668 1410 tu,
688 1331 762 1396 dum
781 1342 836 1395 tua
852 1331 945 1396 navis
964 1332 1000 1395 in
1019 1333 1087 1399 alto
1106 1343 1165 1412 est,

313 1429 373 1493 hoc
391 1451 465 1514 age,
483 1450 523 1492 ne
541 1436 661 1490 mutata
678 1435 848 1490 retrorsum
866 1435 898 1488 te
915 1424 1000 1488 ferat
1020 1449 1112 1490 aura.

356 1523 489 1587 oderunt
505 1522 637 1586 hilarem
654 1520 758 1584 tristes
776 1520 962 1601 tristemque
979 1520 1098 1598 iocosi,

263 1640 296 1688 so
315 1617 459 1682 sedatum
477 1615 609 1692 celeres,
628 1615 741 1700 agilem
759 1615 1130 1699 gnavumqueremiss13

313 1722 453 1797 potores,
473 1709 572 1774 bibuli
590 1708 694 1773 media
711 1708 750 1771 de
767 1716 872 1783 noete,
891 1706 1024 1770 Falerni

314 1806 447 1870 oderunt
464 1815 607 1890 porrecta
624 1813 790 1889 negantem
809 1801 934 1886 pocula,
954 1804 1108 1885 quamvis

314 1913 483 1965 nocturnos
502 1900 585 1963 iures
604 1908 634 1962 te
653 1898 820 1962 formidare
839 1907 973 1982 tepores.

316 1995 406 2058 ‹lemc
426 1994 592 2079 supercilio
611 1992 741 2069 nubem;
759 1992 943 2077 plerumque
962 1994 1136 2061 modestus

265 2108 297 2154 oa
315 2098 449 2173 occupat
466 2087 592 2152 obscuri
610 2086 760 2171 speciem,
780 2086 951 2151 taeitmnus
971 2087 1095 2153 acerbi.

360 2183 440 2246 inter
457 2191 570 2246 cuncta
588 2181 675 2267 leges
694 2190 725 2243 et
741 2180 964 2265 percontabere
984 2183 1113 2261 doctos,

316 2300 379 2359 qua
396 2276 516 2340 ratione
534 2293 631 2359 queas
650 2275 812 2339 traducere
829 2274 938 2339 leniter
956 2298 1094 2355 aevum3

317 2394 393 2434 num
411 2379 442 2434 tc
460 2392 584 2454 semper
600 2369 691 2453 inops
709 2368 806 2453 agitet
823 2378 977 2452 vexetque
996 2372 1131 2456 cupide,

317 2488 393 2528 num
411 2487 509 2549 pavor
526 2472 557 2527 et
574 2484 678 2527 rerum
696 2462 891 2526 mediocriter
908 2463 1033 2528 utilium
1053 2489 1149 2552 spes3

253 2577 300 2625 100
318 2559 464 2622 virtutem
483 2557 623 2622 doctrina
642 2566 731 2641 paret
747 2567 897 2620 naturane
916 2557 1027 2635 donet;

318 2652 393 2734 quid
411 2653 531 2715 minuat
548 2673 654 2727 curas,
673 2650 750 2734 quid
767 2661 797 2714 te
816 2649 872 2717 tibi
888 2651 999 2731 reddat
1017 2654 1178 2732 amicum;

318 2746 394 2828 quid
410 2767 487 2829 pure
506 2744 697 2827 tranquillet,
716 2744 830 2821 honos,
850 2768 890 2808 an
908 2745 1000 2809 dulce
1018 2746 1185 2827 lucellum,

318 2863 359 2903 an
377 2849 531 2904 secretum
548 2839 607 2902 iter
624 2849 655 2903 et
673 2838 808 2903 fallentis
827 2839 938 2903 semita
954 2839 1048 2904 vitae.

361 2957 411 2997 me
430 2934 551 3015 quoties
569 2932 669 2996 reficit
686 2933 810 3018 gelidus
828 2932 979 3019 Digentia
996 2935 1098 3013 rivus,

253 3050 299 3095 105
318 3050 411 3110 quem
431 3027 581 3090 Mandela
598 3026 691 3103 bibit,
710 3049 846 3111 rugosus
864 3028 979 3112 frigore
998 3050 1116 3114 paguo,

318 3122 393 3205 quid
412 3122 525 3185 sentire
543 3131 650 3205 putas,
670 3120 745 3202 quid
764 3121 865 3184 eredis
883 3121 982 3185 amice
999 3126 1146 3206 precari?

319 3216 358 3278 sit
376 3215 451 3278 mihi
470 3215 556 3297 quod
572 3236 656 3277 nunc
675 3223 736 3290 est,
756 3214 849 3278 etiam
868 3215 985 3291 minus,
1005 3225 1037 3279 et
1054 3217 1136 3281 mihi
1155 3219 1261 3283 vivam

318 3310 401 3391 quod
421 3317 564 3392 superest
582 3307 665 3383 aevi,
686 3307 806 3389 siquid
825 3331 989 3393 superesse
1007 3310 1120 3373 volunt
1140 3313 1183 3376 di.

318 3403 358 3466 sit
376 3402 459 3466 bona
476 3402 627 3466 librorum
646 3412 676 3465 et
694 3402 837 3485 provisae
855 3402 955 3487 frugis
973 3402 1005 3465 in
1024 3427 1146 3468 annum

253 3517 300 3564 110
318 3496 421 3580 copia,
440 3518 479 3559 ne
498 3495 617 3560 fluitem
635 3495 749 3559 dubiae
768 3518 823 3581 spe
841 3496 996 3580 pendulus
1014 3496 1122 3561 horae.

318 3589 375 3652 sed
393 3590 468 3653 satis
488 3599 535 3653 est
553 3612 640 3654 orare
659 3589 766 3653 Iovem
786 3613 867 3673 quae
886 3591 981 3655 donat
999 3600 1030 3654 et
1047 3592 1168 3671 aufert3

318 3683 370 3746 det
388 3684 498 3761 vitam,
517 3683 570 3748 det
588 3706 678 3769 opes,
698 3706 833 3766 aequum
852 3684 895 3749 mi
913 3685 1051 3750 animum
1069 3685 1140 3771 ipsc
1158 3687 1288 3771 parabo.

649 3882 899 3947 'EPISTOLA
920 3887 1015 3947 XIX.

610 4031 669 4078 An
702 4031 1060 4081 Misenensem.

318 4152 428 4219 Prisco
447 4154 474 4218 si
492 4154 607 4233 eredis,
626 4156 796 4221 Maecenas
816 4159 921 4234 docte,
942 4156 1081 4233 Cratino,

317 4248 402 4312 nulla
420 4249 541 4334 plaeere
560 4249 614 4313 diu
632 4273 690 4314 nec
708 4250 814 4314 vivere
832 4251 970 4315 carmina
986 4258 1130 4335 possunt,

318 4361 398 4421 quae
418 4342 594 4407 scribuntur
612 4365 711 4427 aquae
729 4344 902 4428 potoribus.
926 4354 960 4408 ut
977 4344 1059 4408 male
1077 4365 1173 4407 sanos

318 4433 484 4519 adscripsit
502 4435 601 4500 Liber
620 4435 741 4523 Satyris
759 4437 940 4522 Faunisque
957 4448 1076 4523 poetas,
