3225 5442
306 708 366 774 166
628 719 663 787 Q.
681 716 846 775 HORATII
865 717 1019 777 FLAccl

251 903 284 949 55
304 878 487 945 Surrentina
504 874 593 941 vafer
610 877 664 959 qui
682 876 792 941 miscet
810 875 900 941 faece
916 876 1063 942 Falerna

302 975 388 1049 vina,
408 970 585 1036 columbino
602 970 712 1034 limum
730 969 810 1034 bene
828 970 953 1056 colligit
972 994 1048 1048 ovo,

302 1076 455 1150 quatenus
473 1066 536 1129 ima
553 1064 631 1149 petit
648 1063 777 1129 volvens
795 1063 899 1127 aliena
915 1065 1060 1129 vitellus

303 1161 392 1225 tostis
411 1167 600 1223 marcentem
620 1157 740 1240 squillis
757 1155 915 1221 recreabis
934 1167 970 1221 et
988 1157 1077 1223 Afra

302 1264 443 1339 potorem
462 1251 604 1329 cochlea3
626 1274 700 1314 nam
716 1250 839 1315 lactuca
856 1250 984 1314 innatat
1003 1252 1071 1315 acri

254 1371 286 1417 eo
303 1361 375 1434 post
393 1348 501 1410 vinum
519 1344 696 1422 stomach03
718 1367 816 1429 perna
832 1344 936 1430 magis
956 1368 998 1409 ac
1017 1346 1125 1431 magis
1144 1345 1224 1409 hillis

302 1442 424 1527 flagitat
441 1441 610 1504 immorsus
627 1438 726 1514 refici,
746 1437 820 1520 quin
839 1437 946 1501 omnia
965 1438 1069 1515 malit,

304 1556 520 1619 quaecumque
538 1533 707 1597 immundis
725 1532 846 1595 fervent
863 1532 960 1595 allata
978 1534 1123 1619 popinis.

304 1639 352 1693 cst
371 1626 635 1713 operaepretium
653 1625 786 1709 duplicis
804 1647 996 1710 pernoscere
1014 1628 1096 1691 iuris

303 1734 456 1787 naturam.
481 1721 614 1806 simplex
632 1743 650 1784 e
668 1720 752 1784 dulci
769 1728 891 1784 constat
909 1719 1007 1798 oliv0,

255 1840 286 1886 65
305 1817 389 1900 quod
406 1816 517 1901 pingui
534 1816 666 1879 miscere
684 1836 770 1879 mero
788 1814 950 1896 muriaque
969 1815 1103 1881 decebit

304 1934 368 1975 non
384 1911 446 1973 alia
463 1932 558 1993 quam
575 1931 639 1992 qua
656 1908 811 1993 Byzantia
827 1908 931 1994 putuit
948 1930 1036 1974 orca.

304 2005 365 2068 hoc
381 2004 437 2068 ubi
455 2003 622 2068 confusum
641 2003 734 2067 sectis
752 2001 901 2067 inferbuit
918 2002 1040 2081 herbis,

306 2097 503 2182 Corycioque
522 2118 612 2161 croco
631 2119 774 2182 sparsum
792 2096 891 2173 stetit,
910 2096 1046 2181 insuper
1063 2098 1167 2164 addes

305 2214 415 2276 pressa
432 2190 632 2255 Venafranae
650 2191 735 2274 quod
752 2189 832 2254 baca
847 2190 967 2255 remisit
985 2190 1105 2255 olivae.

257 2307 289 2353 to
306 2285 432 2350 Picenis
452 2285 567 2349 cedunt
583 2284 686 2369 pomis
704 2283 849 2349 Tiburtia
866 2305 976 2361 suoco;

306 2404 378 2443 nam
396 2379 477 2444 facie
494 2389 663 2464 praestant
690 2378 847 2443 venucula
863 2377 1012 2443 convenit
1031 2378 1118 2444 ollis.

305 2473 420 2537 rectius
438 2471 597 2537 Albanam
616 2473 708 2557 fumo·
722 2472 882 2537 duraveris
899 2494 1006 2535 uvam.

305 2567 387 2631 hanc
405 2589 464 2652 ego
483 2589 555 2630 eum
572 2566 677 2643 malis,
696 2589 756 2652 ego
774 2566 895 2631 faecem
911 2566 1036 2651 primus
1056 2577 1091 2631 et
1107 2568 1209 2646 halec,

306 2661 425 2746 primus
444 2669 475 2724 et
492 2660 633 2724 invenior
649 2660 738 2747 piper
755 2659 862 2725 album
879 2682 952 2724 cum
970 2660 1039 2725 sale
1058 2662 1155 2749 nigro

257 2776 288 2822 75
306 2755 458 2818 incretum
475 2754 562 2839 puris
582 2755 844 2840 circumposuisse
862 2754 984 2819 catillis.

305 2847 440 2912 immane
459 2857 507 2911 est
524 2848 648 2925 vitium,
668 2848 742 2913 dare
760 2848 857 2913 millia
874 2858 962 2912 terna
979 2849 1128 2927 macello,

307 2952 502 3027 angustoque
521 2965 619 3028 vagos
637 2943 740 3027 pisces
759 2964 870 3028 urgere
889 2941 1001 3006 catino.

306 3059 422 3120 magna
439 3045 544 3099 movet
562 3037 723 3101 stomacho
741 3036 881 3112 fastidia,
900 3058 957 3100 seu
974 3057 1057 3121 puer
1075 3038 1182 3101 unctis

306 3129 450 3192 tractavit
468 3129 597 3192 calicem
615 3129 774 3207 manibus,
794 3130 869 3193 dum
887 3129 989 3193 frusta
1006 3128 1146 3215 ligurrit,

255 3241 287 3289 80
307 3222 372 3285 sive
390 3222 495 3308 gravis
515 3223 612 3286 veteri
631 3234 767 3287 craterae
783 3223 878 3288 limus
897 3222 1049 3287 adhaesit.

305 3317 420 3382 vilibus
438 3318 472 3381 in
489 3316 606 3403 scopis,
626 3319 659 3381 in
676 3319 812 3404 mappis,
831 3319 865 3382 in
882 3318 975 3382 scobe
995 3328 1137 3400 quantus

306 3413 448 3477 consistit
467 3414 608 3477 sumtus?
633 3414 799 3499 neglectis,
819 3413 972 3499 flagitium
990 3412 1118 3496 ingens.

306 3506 366 3568 ten'
384 3505 504 3591 lapides
524 3508 627 3572 varios
645 3507 798 3573 lutulenta
815 3508 924 3572 radere
941 3506 1057 3591 palma,

306 3608 337 3662 et
355 3600 468 3684 Tyrias
486 3602 561 3665 dare
579 3602 696 3665 circum
714 3602 801 3666 illota
819 3600 927 3665 toralia
945 3609 1061 3677 vestes,

255 3711 287 3759 85
306 3692 437 3757 oblitum
455 3706 572 3777 quanto
591 3717 697 3760 curam
716 3705 917 3778 sumtumque
935 3694 1090 3759 minorem

305 3786 383 3850 haec
401 3787 550 3865 habeant,
569 3798 655 3854 tanto
672 3791 858 3874 reprehendi
877 3789 988 3853 iustius
1006 3789 1079 3866 illis,

306 3902 386 3962 quae
404 3882 463 3945 nisi
482 3882 630 3947 divitibus
649 3893 806 3966 nequeant
824 3884 1002 3968 contingere
1020 3885 1161 3949 mensis?
1178 3922 1221 3933 -

306 3975 396 4039 docte
416 3974 501 4052 Cati,
519 3999 576 4061 per
593 3977 761 4041 amicitiam
780 3977 932 4062 divosque
949 3986 1090 4062 rogatus,

306 4068 419 4131 ducere
437 4091 487 4131 me
506 4070 661 4147 auditum,
680 4093 793 4156 perges
812 4091 1024 4155 quocumque,
1044 4080 1214 4136 memento.

255 4181 287 4227 90
305 4185 379 4225 nam
396 4163 539 4245 quamvis
557 4165 687 4228 memori
703 4165 823 4229 referas
841 4164 919 4228 mihi
935 4173 1061 4249 pectore
1080 4174 1205 4241 cuncta,

306 4279 369 4320 non
387 4266 491 4319 tamen
508 4257 659 4342 interpres
678 4258 874 4327 tantumdem
891 4258 1016 4322 iuveris.
1044 4258 1127 4322 adde

306 4349 427 4412 vultum
444 4350 648 4435 habitumque
665 4345 815 4430 hominis3
839 4374 933 4435 quem
951 4361 985 4415 tu
1003 4351 1120 4416 vidisse
1140 4352 1251 4416 beatus

305 4464 368 4505 non
385 4444 634 4529 magnipendis,
653 4448 726 4531 quia
744 4448 888 4533 contigit:
912 4456 943 4512 at
961 4445 1038 4509 mihi
1055 4468 1132 4511 cura
