3225 5442
532 735 760 794 SATIRARUM
777 735 852 791 LIB.
871 736 909 791 Π.

194 898 328 976 dulcior3
350 897 468 982 irriguo
485 896 562 958 nihil
581 910 629 960 est
647 893 761 959 elutius
780 894 881 959 horto.

193 993 224 1058 si
240 991 437 1076 vespertinus
456 989 559 1054 subito
578 1002 608 1053 te
626 989 815 1073 oppresserit
834 988 960 1075 hospes,

192 1109 235 1152 ne
252 1086 369 1173 gallina
386 1085 503 1149 malum
521 1093 685 1168 responset
702 1084 780 1147 dura
797 1083 912 1167 palat0,

192 1183 304 1247 doctus
323 1180 384 1244 eris
402 1180 507 1243 rivam
525 1188 629 1242 musto
647 1199 784 1241 mersare
801 1178 952 1256 Falcmm

183 1275 255 1341 'hoc
272 1284 410 1339 teneram
428 1273 532 1337 faciet.
554 1270 753 1357 pratensibus
772 1272 891 1357 optima
908 1272 1015 1358 fungis

191 1379 305 1436 natura
322 1378 384 1446 est,
403 1367 472 1432 aliis
490 1367 573 1431 male
591 1366 735 1430 creditur.
758 1365 811 1429 illc
830 1365 971 1431 salubres

185 1447 330 1528 'aestates
347 1470 491 1547 peraget,
510 1461 565 1544 qui
583 1459 682 1545 nigris
699 1460 830 1544 prandia
848 1460 943 1524 moris

178 1547 295 1633 'finiet,
314 1564 385 1620 aute
403 1576 533 1641 gravem
550 1576 631 1637 quae
649 1554 760 1640 legerit
778 1553 888 1617 arbore
907 1554 1015 1618 solem.

192 1649 344 1715 Aufidius
362 1649 436 1714 forti
454 1647 607 1713 miscebat
624 1648 717 1713 mella
734 1647 883 1712 Falerno:

193 1745 360 1822 mendose;
383 1744 532 1827 quoniam
550 1744 658 1809 vacuis
677 1743 870 1808 committere
889 1744 977 1807 venis

192 1838 240 1903 nil
257 1838 319 1902 nisi
339 1838 409 1902 lene
428 1838 530 1902 decet:
553 1837 617 1901 leni
633 1837 816 1922 praecordia
833 1837 936 1901 mulso

192 1932 347 2018 prolueris
365 1932 487 1997 melius.
515 1932 541 1996 si
560 1933 639 1996 dura
655 1931 828 1996 morabitur
845 1932 944 2007 alvus,

192 2026 323 2090 mitulus
341 2035 373 2090 et
389 2025 468 2090 viles
485 2026 603 2111 pellent
620 2025 777 2090 obstantia
794 2025 933 2090 conchae

193 2129 227 2183 et
243 2119 362 2205 lapathi
379 2118 484 2184 brevis
503 2119 614 2196 herba,
633 2120 690 2185 sed
707 2119 779 2184 albo
798 2142 861 2183 non
879 2120 946 2184 sine
966 2117 1045 2183 Coo.

191 2212 315 2278 lubrica
332 2223 496 2277 nascentes
514 2213 645 2300 implent
663 2214 827 2298 conchylia
844 2213 951 2291 lunae3

193 2307 332 2371 sednon
349 2330 441 2372 omne
459 2331 545 2372 mare
564 2318 612 2372 est
628 2330 800 2394 generosae
818 2307 920 2371 fertile
938 2316 1047 2371 testae.

193 2401 314 2467 murice
331 2402 453 2466 Baiano
471 2401 581 2467 melior
597 2401 739 2467 Lucrina
755 2401 881 2486 peloris,

194 2505 299 2561 ostrea
313 2494 463 2574 Circeiis,
482 2496 607 2560 Miseno
625 2496 766 2561 oriuntur
784 2496 896 2572 echini,

193 2589 371 2675 pectinibus
388 2590 503 2675 patulis
521 2591 616 2654 iactat
634 2612 668 2654 se
685 2590 779 2654 molle
798 2590 980 2654 Tarentum.
1148 2672 1151 2681 ι

193 2705 254 2747 nec
272 2683 331 2747 sibi
349 2706 518 2748 coenarum
534 2684 638 2767 quivis
656 2692 773 2748 temere
791 2694 915 2770 arroget
933 2693 1041 2759 artem,
1127 2719 1129 2723 >

193 2798 259 2840 non
276 2777 362 2861 prius
381 2788 492 2842 exacta
509 2778 595 2841 tenui
612 2778 731 2842 ratione
750 2801 908 2863 saporum.
1145 2770 1148 2777 ’

193 2892 254 2934 nec
273 2870 348 2935 satis
367 2880 415 2935 est
432 2893 505 2936 cara
520 2871 625 2957 pisces
643 2893 785 2935 averrere
802 2894 922 2949 mensa,

192 2964 353 3049 ignarum,
372 2964 487 3047 quibus
506 2964 620 3030 est-ius
639 2965 742 3051 aptius
760 2964 924 3048 et'quibus
943 2965 1023 3029 assis
1175 3047 1177 3054 y

192 3057 363 3142 languidus
382 3058 414 3121 in
432 3057 573 3122 cubitum
591 3060 655 3123 iam
673 3081 707 3124 se
725 3059 859 3123 conviva
876 3071 1014 3143 reponet.
1120 3050 1122 3056 ⁴

194 3149 320 3215 Umber
336 3161 367 3215 et
384 3152 482 3237 iligna
499 3153 633 3217 nutritus
651 3153 766 3239 glande
783 3153 934 3217 rotundas

194 3254 303 3308 curvet
320 3267 396 3329 aper
411 3245 517 3311 lances
536 3268 660 3310 carnem
678 3247 805 3311 vitantis
813 3247 955 3310 'inertem
961 3270 969 3323 ;

193 3360 269 3402 nam
285 3338 431 3403 Laurens
449 3339 550 3404 malus
569 3333 631 3417 est,
650 3339 731 3405 ultis
750 3350 781 3404 ct
799 3340 950 3405 arundine
968 3338 1105 3425 pinguis.

193 3430 287 3494 vinea
305 3431 459 3496 submittit
476 3455 605 3517 capreas
623 3456 688 3497 uon
705 3456 830 3519 semper
847 3433 964 3498 edules.

194 3523 349 3589 fecundae
367 3525 482 3611 leporis
501 3527 625 3612 sapiens
645 3526 816 3592 sectabitur
834 3548 947 3592 armos.

193 3617 334 3703 piscibus
353 3629 447 3704 atqu'e
465 3620 576 3685 avibus
595 3617 805 3704 quae'natura
823 3631 854 3686 et
871 3622 952 3686 foret
970 3631 1066 3698 actas,

192 3722 266 3776 ante
284 3735 389 3777 meum
407 3714 484 3778 nulli
501 3716 603 3800 patuit
620 3716 763 3800 quaesita
779 3717 929 3802 palatum.

193 3815 268 3872 sunt
286 3828 419 3889 quorum
436 3808 598 3895 ingenium
615 3833 698 3876 nova
716 3821 838 3875 tantum
856 3812 995 3877 crustula
1012 3811 1135 3897 promit.

191 3922 392 3984 nequaquam
411 3904 487 3968 satis
505 3904 539 3967 in
554 3927 589 3969 re
607 3929 669 3970 una
687 3928 871 3971 consumere
890 3930 996 3971 curam
1002 3931 1011 3983 3

191 4003 228 4058 ut
247 3994 275 4057 si
292 3995 363 4078 quis
382 3997 484 4060 solum
501 3997 576 4075 hoc,
595 3998 678 4063 mala
695 4022 735 4063 ne
754 4000 817 4064 sint
834 4000 922 4077 vina,
941 3998 1070 4073 laboret,
1119 4011 1121 4015 '
1157 3996 1160 4003 ’

191 4087 278 4170 quali
296 4088 465 4173 perfundat
481 4091 585 4177 pisces
604 4115 733 4158 securus
752 4094 844 4157 olivo.

190 4180 336 4246 Massica
353 4184 381 4247 si
399 4184 490 4263 coelo,
506 4209 665 4271 supponas
684 4188 758 4252 vina
776 4210 895 4265 sereno,

190 4284 358 4353 nocturna,
378 4278 499 4362 siquid
517 4282 615 4346 crassi
633 4292 694 4359 est,
713 4281 892 4346 tenuabitur
910 4303 994 4357 aura,
1020 4305 1024 4313 ·

190 4377 224 4432 et
242 4367 373 4434 decedet
390 4372 469 4437 odor
485 4374 590 4439 nervis
607 4363 768 4453 inimicus}
795 4385 828 4440 at
846 4375 899 4439 illa

190 4461 351 4549 integrum
367 4466 504 4551 perdunt
520 4468 584 4532 lino
602 4469 711 4534 vitiata
729 4485 882 4564 saporem.
