3225 5442
570 440 846 499 EPISTOLARUM
864 441 937 496 LIB.
951 443 988 497 ΙΙ.
1224 429 1285 494 221

256 602 415 687 exprimet
432 609 463 665 et
480 598 590 664 molles
608 598 779 663 imitabitur
796 620 868 663 aere
886 598 1014 684 capillos

254 694 371 759 infelix
388 694 491 779 operis
510 716 646 770 summa,
665 692 739 775 quia
755 715 872 776 ponere
889 703 989 757 totum

253 788 388 853 nesciet.
411 788 495 851 hunc
512 808 572 871 ego
590 808 654 863 me,
674 786 702 850 si
719 786 795 869 quid
813 808 999 871 componere
1017 808 1133 863 curem,

254 905 323 947 non
341 880 444 967 magis
463 902 532 944 esse
550 879 659 956 velim,
677 900 772 961 quam
790 901 888 964 pravo
906 880 1011 944 vivere
1029 902 1116 956 naso,

255 975 465 1061 spectandum
483 972 580 1059 nigris
599 972 697 1037 oculis
715 972 867 1059 nigroque
885 974 1006 1058 capillo.

302 1068 417 1133 sumite
435 1068 596 1131 materiam
613 1068 741 1144 vestris,
759 1068 814 1151 qui
832 1068 966 1133 scribitis
973 1116 987 1145 „
1001 1090 1133 1151 aequam

255 1159 394 1238 viribus,
414 1171 445 1224 et
462 1172 584 1225 versate
602 1160 670 1236 diu,
690 1161 765 1243 quid
783 1161 865 1225 ferre
882 1171 1036 1238 recusent,

257 1256 336 1339 quid
354 1254 479 1318 valeant
496 1254 630 1318 humeri:
650 1254 699 1318 eui
717 1254 798 1318 lecta
815 1264 957 1339 potenter
974 1256 1032 1319 erit
1048 1277 1109 1331 res,

257 1370 318 1412 neo
337 1347 484 1411 facundia
502 1347 623 1411 deseret
640 1347 725 1411 hunc
742 1370 800 1411 nec
818 1348 940 1412 lucidus
959 1349 1044 1413 ordo.

259 1442 378 1507 ordinis
396 1441 474 1505 haee
491 1441 589 1505 virtus
608 1442 665 1505 erit
683 1450 714 1505 et
732 1464 845 1518 venus,
865 1453 918 1505 aut
937 1464 996 1527 ego
1014 1442 1115 1518 fallor,

259 1534 376 1598 utiam
393 1556 476 1598 nunc
494 1533 577 1598 dicat
594 1534 656 1598 iam
675 1557 758 1599 nune
776 1534 922 1599 debentia
940 1536 1015 1612 dici3
1054 1562 1057 1571 ·

259 1629 409 1713 pleraque
427 1627 550 1692 differat
568 1636 599 1692 et
616 1650 764 1714 praesens
783 1628 816 1691 in
834 1640 957 1714 tempus
977 1629 1106 1692 omittat.

260 1722 321 1786 hoc
339 1731 436 1798 amet,
454 1721 514 1785 hoc
532 1732 657 1806 spernat
674 1722 822 1806 promissi
840 1722 985 1787 carminis
1004 1731 1120 1785 auctor.
1156 1745 1160 1751 ·

303 1814 336 1877 in
354 1814 458 1879 verbis
477 1815 570 1878 etiam
589 1816 690 1879 tenuis
709 1824 883 1898 cautusque
902 1816 1041 1889 serendis

262 1908 377 1971 dixeris
396 1908 534 1993 egregie,
553 1918 663 1973 notum
681 1910 709 1973 si
726 1909 838 1973 callida
855 1908 987 1973 verbum

261 2002 429 2065 reddiderit
446 2001 589 2067 iunctura
606 2025 732 2068 novum.
757 2003 784 2067 si
801 2003 881 2067 forte
899 2025 1027 2067 necesse
1046 2012 1094 2066 est

261 2096 383 2159 indiciis
401 2106 574 2160 monstrare
591 2096 768 2161 recentibus
787 2096 894 2160 abdita
910 2119 1024 2173 rerum,

262 2189 379 2275 fingere
398 2188 541 2254 cinctutis
559 2213 623 2254 non
640 2191 786 2254 exaudita
806 2189 956 2275 Cethegis

263 2284 434 2368 continget,
453 2283 637 2368 dabiturque
655 2284 780 2348 licentia
798 2295 901 2349 sumta
918 2285 1079 2369 pudenter.

265 2385 295 2439 et
312 2400 395 2441 nova
412 2378 546 2461 fictaque
563 2401 662 2463 nuper
680 2378 841 2442 habebunt
857 2377 954 2443 verba
971 2378 1079 2455 fidem,
1099 2378 1127 2441 si

264 2468 385 2535 Graeco
403 2471 489 2536 fonte
507 2473 631 2549 cadent,
650 2495 743 2557 parce
762 2473 897 2537 detorta:
916 2473 992 2555 quid
1010 2482 1114 2536 autem

264 2563 401 2629 Caecilio
419 2564 595 2649 Plautoque
613 2565 700 2630 dabit
716 2565 893 2642 Romanus,
913 2566 1071 2629 ademtam

262 2656 394 2743 Virgilio
413 2658 590 2741 Varioque?
608 2681 668 2745 ego
686 2681 754 2736 cur,
774 2660 934 2741 acquirere
951 2682 1054 2744 pauca

264 2751 288 2813 si
305 2774 449 2835 possum,
467 2752 621 2830 invideor,
640 2774 738 2836 quum
755 2752 864 2838 lingua
882 2752 1013 2818 Catonis
1032 2762 1063 2816 et
1079 2751 1165 2815 Enni

264 2867 438 2909 sermonem
455 2846 589 2931 patrium
607 2846 752 2910 ditaverit
769 2856 801 2910 et
818 2868 901 2910 nova
917 2869 1021 2910 rerum

263 2938 388 3002 nomina
409 2939 588 3024 protulerit?
605 2940 690 3003 licuit
710 2962 895 3024 semperque
911 2939 1018 3004 licebit

264 3030 421 3116 signatum
437 3042 601 3118 praesente
618 3042 693 3096 nota
709 3033 881 3117 producere
899 3054 1023 3097 nomen.

264 3133 297 3185 ut
314 3124 411 3187 silvae
429 3124 512 3189 foliis
530 3148 644 3211 pronos
663 3135 823 3189 mutantur
839 3126 873 3189 in
890 3147 1003 3203 annos3

263 3217 364 3300 prima
382 3210 509 3296 e'adunt3
527 3220 572 3283 ita
588 3218 756 3283 verborum
774 3228 864 3283 vetus
882 3218 987 3281 interit
1004 3228 1101 3295 aetas,

263 3321 294 3373 et
310 3311 457 3375 iuvenum
476 3312 536 3375 ritu
553 3312 663 3376 florent
681 3312 774 3377 modo
791 3321 866 3376 nata
882 3312 1062 3398 vigentque.

263 3402 413 3468 debemur
430 3406 521 3469 morti
539 3428 596 3471 nos
614 3416 797 3489 nostraque3
817 3406 884 3470 sive
901 3416 1045 3491 receptus

263 3512 345 3561 terra
360 3496 526 3582 Neptunus
545 3499 661 3563 classes
679 3498 891 3582 Aquilonibus
910 3511 1004 3579 arcet,

261 3589 346 3675 regis
364 3613 457 3675 opus,
477 3592 630 3657 sterilisve
648 3593 702 3656 diu
718 3592 811 3677 palus
829 3581 965 3679 aptaque
981 3593 1076 3683 remis

261 3683 381 3747 vicinas
399 3683 492 3748 urbes
511 3684 565 3749 alit
583 3695 614 3749 et
631 3708 727 3772 grave
746 3686 840 3751 sentit
858 3696 1007 3764 aratrum3

263 3799 319 3840 seu
337 3799 463 3841 cursum
480 3780 613 3843 mutavit
629 3780 772 3861 iniquum
788 3778 939 3866 frugibus·
952 3780 1062 3856 amnis,

262 3869 373 3933 doetus
390 3870 449 3934 iter
466 3872 593 3937 melius:
610 3872 754 3937 mortalia
771 3872 854 3936 lacta
871 3872 1024 3957 peribunt,

261 3962 379 4026 nedum
397 3985 574 4030 sermonum
594 3974 654 4030 stet
670 3966 771 4030 honos
790 3975 821 4029 et
837 3965 938 4050 gratia
954 3964 1058 4028 vivax.

261 4054 360 4118 multa
376 4068 591 4136 renascentur,
611 4081 692 4142 quae
709 4059 772 4122 iam
790 4059 943 4137 cecidere,
962 4057 1135 4139 cadentque

201 4139 206 4154 ’
261 4168 343 4230 quae
361 4173 445 4215 nunc
464 4153 586 4217 suntin
603 4153 720 4219 honore
737 4153 904 4232 voeabula,
923 4153 950 4218 si
967 4152 1051 4216 volet
1067 4174 1155 4227 usus,
