3225 5442
523 730 749 788 SATlRARUllI
766 730 841 786 LIB.
856 732 894 786 lI.
1162 721 1223 787 159

195 896 223 962 si
240 894 312 979 quis
330 893 371 957 ad
388 892 547 977 ingentem
565 889 713 954 frumenti
731 910 855 973 semper
873 911 1019 953 acervum

194 997 357 1076 porrectus
376 986 485 1071 vigilet
502 1007 574 1048 eum
592 984 687 1069 longo
705 983 803 1059 suste,
823 1005 924 1067 neque
943 985 1027 1049 illine

194 1083 310 1149 audeat
328 1081 468 1145 esuriens
486 1078 632 1143 dominus
651 1078 831 1163 contingere
849 1102 996 1163 granum,

195 1198 234 1241 ae
250 1175 355 1262 potius
373 1174 458 1238 foliis
477 1194 591 1257 pareus
609 1189 755 1236 vescatur
773 1173 887 1235 amaris
893 1198 902 1249 3

195 1272 224 1336 si
241 1270 352 1355 positis
370 1269 454 1333 intus
475 1268 548 1332 Chii
565 1266 742 1350 veterisque
761 1266 886 1331 Falerni

194 1366 281 1430 mille
299 1365 399 1440 cadis,
418 1363 495 1427 nihil
513 1374 574 1440 est,
594 1373 765 1427 tercentum
783 1362 936 1439 millibus,
956 1385 1026 1427 acre

194 1468 284 1545 potet
300 1468 437 1534 acetum3
457 1480 531 1543 age,
551 1456 578 1521 si
596 1466 627 1520 et
645 1456 822 1521 stramentis
841 1457 968 1521 incubet
985 1459 1083 1522 unde-

195 1553 357 1638 octoginta
375 1574 474 1616 annos
492 1560 600 1627 natus,
620 1551 671 1615 cui
689 1550 829 1636 stragula
846 1552 958 1629 vestie,

171 1643 173 1648 ’
194 1646 363 1710 blattarum
382 1667 419 1710 ac
437 1646 590 1709 tinearum
608 1644 733 1729 epulae,
752 1654 911 1729 putrescat
929 1646 961 1707 in
979 1669 1064 1710 arca:

195 1740 342 1804 nimirum
359 1740 489 1803 insanus
507 1738 616 1823 paneis
635 1738 790 1815 videatur,
811 1761 848 1802 eo
867 1740 951 1821 quod

195 1834 333 1898 maxima
349 1856 422 1919 pars
441 1834 602 1897 hominum
620 1832 730 1896 morbo
747 1832 881 1896 iactatur
898 1835 1016 1897 eodem.

194 1927 278 1992 filius
298 1940 351 1991 aut
369 1928 461 1991 etiam
481 1928 559 1991 hacc
575 1926 706 1991 libertus
724 1937 758 1989 ut
776 1926 882 1990 ebibat
899 1927 1004 2003 heres,

195 2022 244 2085 dis
262 2022 387 2086 inimice
406 2044 517 2099 senex,
537 2021 697 2085 custodis?
713 2043 753 2084 ne
771 2020 828 2084 tibi
846 2022 946 2084 desit?

195 2116 381 2199 quantulum
400 2116 483 2179 enim
502 2137 644 2180 summae
663 2114 796 2179 curtabit
815 2115 948 2197 quisque
967 2115 1101 2191 dierum,

194 2234 313 2297 ungere
332 2212 358 2277 si
377 2212 482 2276 caules
501 2212 569 2276 oleo
588 2211 715 2275 meliore
734 2222 890 2294 caputque

195 2307 335 2393 coeperis
353 2307 480 2392 impexa
497 2307 626 2371 foedum
644 2306 820 2392 porrigine?
838 2328 948 2389 quare,

196 2402 223 2465 si
242 2401 365 2483 quidvis
385 2400 460 2465 satis
479 2411 541 2477 est,
559 2401 714 2485 periuras,
735 2400 879 2485 surripis,
899 2402 1012 2493 aufers·

195 2495 352 2578 undique?
370 2495 433 2559 tun'
452 2495 567 2559 sanus?
584 2495 735 2579 populum
754 2495 781 2557 si
800 2496 930 2559 caedere
949 2496 1034 2559 saxis
1117 2539 1121 2544 -

195 2588 326 2674 incipias
345 2611 492 2654 servosve
509 2599 595 2665 tuos,
614 2611 694 2671 quos
712 2611 783 2653 acre
801 2590 935 2673 pararis,

194 2682 340 2746 insanum
358 2692 388 2748 te
406 2705 515 2748 omnes
533 2683 621 2768 pueri
640 2683 836 2767 clamentque
854 2685 991 2768 puellae:
1243 2703 1292 2750 130

195 2798 292 2860 quum
310 2777 422 2861 laqueo
440 2798 571 2841 uxorem
588 2777 739 2841 interimis
758 2787 952 2860 matremque
970 2801 1105 2855 venene,
1310 2782 1314 2790 '

194 2870 342 2935 incolumi
360 2872 461 2955 capite
480 2872 533 2935 es?
552 2872 628 2955 quid
646 2872 749 2935 enim?
765 2894 867 2954 neque
886 2882 921 2934 tu
937 2872 998 2936 hoe
1016 2873 1094 2936 facis
1112 2870 1220 2957 Argis,

194 2987 254 3029 nec
271 2965 354 3029 ferro
372 2975 408 3028 ut
425 2966 555 3029 demens
573 2966 764 3051 genetricem
783 2966 899 3030 occidis
921 2963 1062 3031 Orestes.

152 3065 153 3070 ’
194 3082 236 3123 an
254 3068 287 3122 tu
305 3059 382 3123 reris
401 3081 473 3123 eum
491 3060 595 3123 occisa
611 3060 766 3124 insanisse
784 3068 926 3144 parente,
1048 3057 1052 3066 ’

194 3175 232 3217 ac
249 3175 312 3216 non
331 3163 402 3217 ante
420 3153 511 3217 malis
529 3154 705 3217 dementem
724 3164 828 3217 actum
845 3154 963 3229 Furiis,
983 3175 1076 3236 quam
1209 3223 1214 3231 ,
1238 3172 1290 3220 135

194 3245 227 3309 in
245 3246 352 3310 matris
370 3246 479 3332 iugulo
497 3246 615 3311 ferrum
634 3247 781 3331 tepefecit
798 3247 944 3325 acutum?

195 3340 284 3423 quin,
304 3362 342 3403 ex
360 3361 423 3423 quo
441 3350 490 3405 est
506 3340 631 3405 habitus
649 3341 731 3403 male
749 3348 834 3403 tutae
853 3340 965 3403 mentis
990 3337 1135 3415 Orestes,
1186 3341 1189 3348 '

195 3431 238 3495 nil
257 3455 331 3496 sane
349 3434 438 3512 feeit,
457 3435 541 3517 quod
560 3446 594 3498 tu
611 3434 837 3519 reprehendere
855 3433 973 3518 possis:

194 3548 257 3590 non
275 3526 417 3611 Pyladen
435 3527 517 3592 ferro
534 3528 651 3591 violare
670 3550 806 3592 aususve
826 3550 963 3591 sororem
981 3537 1030 3592 est

194 3619 367 3684 Electram:
386 3630 506 3685 tantum
524 3622 682 3685 maledicit
698 3622 823 3705 utrique
841 3624 982 3686 vocando
1241 3641 1289 3688 140

193 3712 275 3776 hanc
292 3713 434 3791 Furiam,
453 3714 537 3779 hune
554 3716 654 3792 aliud,
673 3715 766 3779 iussit
784 3716 869 3798 quod
887 3717 1051 3801 splendida
1068 3715 1149 3780 bilis.

192 3828 313 3892 pauper
332 3803 479 3891 Opimius
497 3809 618 3895 argenti
636 3809 731 3893 positi
749 3810 834 3875 intus
853 3820 883 3875 et
901 3811 983 3886 auri,

193 3899 248 3981 qui
266 3898 474 3965 Veientanum
492 3901 581 3966 festis
599 3912 707 3987 potare
725 3903 836 3968 diebus

194 3991 359 4077 Campana
377 3995 486 4059 solitus
504 3996 596 4060 trulla
613 4019 812 4081 vappamque
829 3996 991 4080 profestis,

193 4088 352 4170 quondam
368 4088 509 4175 lethargo
527 4091 638 4176 grandi
656 4099 705 4155 est
723 4102 907 4175 oppressus,
926 4098 962 4153 ut
978 4090 1068 4153 heres
1163 4160 1169 4171 ,
1239 4112 1286 4160 145
1335 4093 1340 4101 ’

191 4181 256 4244 iam
275 4180 391 4246 circum
408 4181 527 4247 loculos
545 4193 576 4248 et
593 4185 697 4248 claves
716 4175 817 4248 laetus
836 4205 996 4265 ovansque
1260 4186 1263 4194 '

192 4284 339 4339 curreret.
358 4275 442 4340 hune
459 4277 599 4342 medicus
617 4279 751 4341 multum
770 4277 852 4341 celer
869 4286 963 4359 atque
980 4276 1081 4340 fidelis

192 4368 309 4433 excitat
326 4369 386 4433 hoe
402 4381 510 4455 paeto:
529 4393 671 4437 mensam
688 4372 762 4457 poni
780 4370 867 4436 iubet
885 4380 978 4453 atque
1021 4448 1028 4461 .

193 4462 313 4528 effundi
331 4486 439 4530 saccos
458 4488 670 4549 nummorum,
688 4468 838 4535 accedere
855 4466 961 4553 plures
