3225 5442
439 724 662 781 sarmaamr
679 722 754 777 cm.
767 724 790 777 1.
853 705 858 726 ¹

262 885 386 951 Tanain
402 883 551 967 quiddam
570 903 774 963 socerumque
792 880 914 945 Viselli.

262 1004 277 1045 s
295 980 328 1043 in
345 978 454 1054 rebus,
475 986 548 1041 sunt
565 976 641 1040 certi
659 974 793 1058 denique
811 974 900 1052 fines,

261 1098 278 1139 a
296 1074 434 1156 citraque
451 1070 561 1154 nequit
578 1070 747 1135 consistere
765 1078 896 1133 rectum.
916 1107 956 1116 -

261 1191 273 1231 e
292 1167 355 1231 abii
372 1166 480 1243 redeo,
500 1165 554 1248 qui
572 1186 664 1228 nemo
682 1173 717 1226 ut
735 1186 849 1227 avarus

261 1310 276 1339 ,
295 1283 332 1325 ac
349 1259 453 1345 potius
471 1258 578 1323 laudet
595 1258 719 1321 diversa
737 1268 914 1339 sequentes,

265 1356 366 1420 aliena
384 1352 504 1438 capella
520 1361 610 1438 gerat
627 1350 792 1449 distentius
811 1350 898 1424 uber,

272 1471 374 1532 neque
393 1471 427 1512 se
445 1447 555 1511 maiorr
572 1445 791 1530 pauperiorum

260 1552 400 1628 imperet,
419 1543 503 1606 hune
520 1550 613 1623 atque
631 1540 715 1603 hunc
733 1561 880 1624 superare
897 1539 1026 1604 laboret.

262 1638 327 1701 anti
345 1659 469 1721 semper
484 1634 669 1720 locupletior
687 1634 804 1699 obstate

268 1730 445 1795 carceribus
463 1730 577 1793 missos
596 1727 677 1813 rapit
695 1727 814 1812 ungula
832 1749 950 1803 currus,

260 1825 303 1889 ris
321 1825 431 1910 auriga
450 1846 523 1889 suos
542 1821 753 1898 vincentibus,
772 1821 860 1884 illum

260 1942 300 1981 un
319 1928 460 1982 temnens
479 1928 635 1981 extremos
653 1916 734 1980 inter
751 1925 886 1978 euntem.

260 2023 294 2076 ut
310 2034 395 2088 rare,
414 2012 468 2095 qui
486 2034 520 2076 se
538 2010 656 2076 vixisse
674 2008 801 2074 beatum

259 2114 361 2171 exacto
379 2114 543 2170 contentus
563 2114 702 2188 tempore
720 2103 785 2167 vita

273 2199 405 2263 conviva
423 2207 522 2275 satur,
541 2198 675 2283 reperire
693 2219 855 2280 queamus.
876 2236 916 2242 -

277 2302 339 2370 est3
357 2315 397 2357 ne
414 2314 465 2356 me
484 2290 622 2375 Crispini
641 2291 755 2355 scrinia
771 2290 849 2375 lippi

259 2410 288 2453 se
305 2396 412 2472 putes,
430 2386 561 2451 verbum
578 2408 643 2449 non
659 2385 794 2470 amplius
813 2384 936 2449 addam.

492 2630 672 2691 SATIRA
693 2631 740 2689 II.

259 2763 354 2826 iarum
373 2762 518 2848 collegia,
536 2761 809 2848 pharmacopolae,

270 2857 398 2932 mimae,
416 2855 608 2935 balatrones,
626 2857 685 2922 hoc
702 2878 803 2942 genus
822 2877 913 2919 omne

276 2972 313 3014 ae
331 2951 498 3016 sollicitum
514 2960 563 3016 est
580 2950 714 3016 cantoris
733 2959 832 3014 morte
851 2949 980 3035 Tigelli:

260 3044 393 3131 enignus
412 3055 487 3109 erat
506 3054 614 3111 contra
629 3044 695 3121 hic,
713 3065 754 3108 ne
771 3043 922 3130 prodigus
941 3066 1011 3107 esse

258 3147 398 3216 netuens,
417 3139 502 3223 inopi
521 3139 594 3204 dare
612 3138 689 3203 nolit
707 3138 818 3215 amico,

258 3253 285 3295 ιο
303 3232 475 3316 duramque
492 3232 609 3297 famem
626 3232 798 3317 propellere
816 3232 925 3315 possit.

258 3326 456 3410 perconteris,
475 3327 527 3391 avi
543 3349 599 3391 eur
616 3335 710 3409 atque
727 3325 865 3409 parentis

258 3442 294 3482 m
311 3419 435 3506 ingrata
452 3420 585 3506 stringat
602 3420 704 3484 malus
721 3419 861 3505 ingluvie
878 3442 954 3495 rem,

258 3515 388 3579 inductis
406 3537 552 3579 coemens
571 3514 701 3579 obsonia
719 3513 870 3577 nummis:

267 3618 359 3692 atque
378 3609 474 3673 animi
491 3610 576 3691 quod
592 3609 682 3694 parvi
699 3609 777 3673 nolit
793 3609 912 3687 haberi,

259 3712 281 3767 t
299 3702 444 3769 laudatur
461 3703 501 3769 ab
519 3704 583 3781 his,
602 3704 745 3789 culpatur
761 3702 801 3768 ab
820 3704 891 3768 illis.

265 3820 385 3883 vappae
404 3799 522 3863 samam
539 3800 628 3861 timet
645 3820 682 3862 ac
699 3797 874 3874 nebulonis,

257 3891 309 3970 ris,
328 3891 417 3957 dives
434 3892 545 3977 positis
564 3891 597 3955 in
614 3891 722 3955 fenore
739 3892 892 3969 nummis3

257 3986 285 4049 ie
302 3986 396 4071 capiti
414 3986 574 4051 mercedes
592 3996 732 4063 exsecat,
752 3995 846 4069 atque

258 4080 386 4145 erditior
402 4080 536 4163 quisque
553 4089 615 4157 est,
634 4089 720 4145 tanto
738 4080 841 4144 aerius
859 4087 964 4164 urget3

257 4183 397 4252 rectatur,
417 4176 510 4239 modo
530 4184 655 4260 sumpta
672 4183 760 4238 veste
777 4173 869 4249 virili,

256 4267 321 4333 ibus
340 4269 440 4346 duris,
459 4269 603 4333 tironum.
625 4268 779 4348 „maxime
785 4314 794 4344 ,
814 4266 884 4350 quis
902 4289 975 4342 non,

256 4366 284 4422 }“
303 4363 470 4441 exclamat,
490 4363 677 4446 simulatque
696 4362 824 4427 audivit.
844 4398 886 4408 -
905 4372 958 4440 „at
974 4361 1006 4450 in
1025 4382 1059 4424 se

256 4465 311 4523 stu
329 4467 466 4522 sumtum
484 4456 560 4521 facit
576 4456 658 4521 hic.“
678 4494 720 4504 -
737 4456 792 4520 vix
809 4456 934 4520 eredere
952 4454 1066 4540 possis,
