3225 5442
718 671 750 735 Q.
766 669 929 725 HORATII
942 668 1082 724 FLACCI

532 829 709 915 negligens,
728 849 768 890 ne
785 848 848 909 qua
865 826 1000 910 populus
1019 826 1148 901 laboret,

532 944 624 1008 parce
643 922 782 1006 privatus
800 921 932 984 nimium
950 943 1061 985 cavere
1067 945 1076 997 ;

532 1019 615 1081 dona
631 1015 803 1101 praesentis
823 1037 899 1099 cape
917 1015 1017 1078 laetus
1034 1013 1131 1079 horae
1150 1026 1180 1079 et

596 1110 701 1191 linque
720 1130 837 1172 severa.

755 1333 1036 1393 OARMENIX.

701 1477 726 1526 Α
750 1478 774 1524 u
824 1477 893 1524 nr
916 1478 941 1525 o
964 1476 977 1524 1
1003 1476 1095 1525 AM.
1130 1453 1136 1466 '

806 1598 934 1634 nonnul
939 1599 988 1634 118.

491 1670 603 1734 Donec
621 1678 729 1757 gratus
748 1691 833 1732 eram
851 1668 907 1733 tibi

535 1786 593 1828 nec
611 1764 776 1847 quisquam
794 1761 897 1847 potior
915 1762 1042 1827 brachia
1060 1763 1210 1827 candidae

495 1859 608 1922 cervici
626 1858 747 1922 iuvenis
766 1856 870 1934 dabat,

534 1952 704 2016 Persarum
721 1952 809 2037 vigui
826 1973 901 2037 rege
919 1951 1048 2016 beatior.

841 2085 956 2122 nunu.

493 2157 673 2227 donecnon
690 2155 751 2219 alia
768 2156 870 2242 magis

534 2250 638 2314 arsisti
654 2271 756 2332 neque
774 2260 841 2313 erat
858 2249 964 2336 Lydia
980 2258 1054 2335 post
1073 2248 1205 2326 Chloen,

368 2364 372 2370 ·
492 2344 582 2406 multi
599 2342 705 2427 Lydia
722 2342 857 2408 nominis

534 2438 678 2501 Romana
695 2437 783 2523 vigui
801 2437 912 2501 clarior
928 2437 997 2503 Ilia.

807 2570 958 2607 nonnum
965 2571 989 2605 S.

491 2663 542 2704 me
560 2662 642 2703 nunc
661 2640 801 2705 Thressa
819 2639 920 2706 Chloe
938 2641 1027 2726 regit,

535 2734 641 2798 dulces
660 2735 752 2798 docta
769 2734 881 2799 modos
899 2744 930 2798 et
948 2734 1084 2798 citharae
1103 2735 1215 2810 sciens,

492 2851 548 2913 pro
567 2849 629 2910 qua
646 2850 710 2891 non
726 2837 865 2891 metuam
883 2828 970 2905 mori,

535 2921 562 2984 si
578 2930 706 3006 parcent
723 2922 846 2985 animae
864 2922 930 2986 fata
948 2921 1116 3007 superstiti.

844 3056 860 3091 L
866 3057 884 3091 Y
890 3057 907 3090 D
914 3058 924 3090 1
931 3054 948 3090 Δ
954 3078 962 3093 .

492 3148 542 3189 me
560 3134 655 3189 torret
673 3125 742 3189 sace
760 3135 871 3189 mutua

536 3218 668 3283 Thurini
687 3218 794 3284 Calais
813 3220 895 3284 filius
915 3217 1039 3304 Ornyti,

491 3335 548 3397 pro
566 3335 629 3397 quo
647 3313 696 3378 bis
713 3314 815 3397 patiar
831 3313 919 3389 mori,

536 3406 563 3469 si
579 3415 708 3489 parcent
726 3428 822 3492 puero
840 3406 906 3470 fata
923 3406 1090 3491 superstiti.

809 3541 828 3574 Η
834 3541 850 3575 0
857 3541 874 3574 Β
879 3539 897 3573 A
904 3542 920 3575 Τ
925 3542 935 3575 Ι
941 3540 977 3575 US
984 3563 990 3576 .

492 3610 568 3691 quid
586 3609 613 3673 si
629 3609 733 3693 prisca
750 3610 830 3673 redit
848 3608 967 3686 Venus,

536 3703 741 3787 diductosque
759 3704 834 3789 iugo
853 3704 937 3790 cogit
954 3704 1071 3769 aeneo?

493 3797 520 3861 si
537 3797 619 3861 flava
636 3798 790 3862 excutitur
809 3797 919 3875 Chloe,

534 3892 728 3975 reiectaeque
745 3901 832 3977 patet
849 3893 942 3958 ianua
959 3892 1101 3977 Lydiae?

842 4028 858 4061 L
864 4029 882 4061 Y
887 4029 905 4061 1)
912 4029 923 4061 1
929 4027 945 4061 Α
953 4050 959 4062 .

494 4116 683 4177 quamquam
702 4096 802 4161 sidere
819 4096 978 4181 pulchrior

534 4188 585 4252 ille
604 4198 665 4265 est,
684 4198 719 4252 tu
734 4189 833 4254 levior
850 4189 963 4254 cortice
982 4200 1013 4254 et
1030 4188 1173 4274 improbo

493 4282 669 4347 iracundior
685 4283 807 4347 Hadria
813 4307 822 4360 ;

501 4390 504 4396 ’
537 4384 639 4437 tecum
656 4376 761 4439 vivere
779 4397 896 4453 amem,
916 4385 1019 4441 tecum
1036 4374 1149 4440 obeam
1166 4374 1276 4439 libens.
