3225 5442
431 730 639 787 OARMINUM
656 731 731 786 LIB.
745 734 768 786 Ι.

261 892 309 956 dis
327 911 418 954 carus
435 888 527 973 ipsis,
547 888 662 973 quippe
679 898 727 952 ter
744 898 776 953 et
792 899 903 971 quater

260 1008 341 1050 anno
358 982 498 1047 revisens
516 1003 633 1064 aequor
650 981 846 1046 Atlanticum

300 1081 441 1163 impune:
459 1099 510 1141 me
527 1086 662 1161 pascunt
679 1077 789 1153 olivae,

343 1194 393 1235 me
412 1170 555 1235 cichorea
572 1171 720 1253 levesque
738 1170 869 1236 malvae.

258 1308 319 1372 frui
336 1306 454 1392 paratis
473 1316 504 1370 et
520 1306 624 1371 valido
642 1306 728 1383 mihi,

258 1404 375 1477 Latoe,
394 1401 507 1477 dones,
525 1422 577 1477 ac,
594 1421 718 1484 precor,
736 1401 859 1486 integra

301 1517 372 1559 cum
390 1503 508 1571 mente,
525 1514 584 1557 nec
602 1503 724 1577 turpem
743 1504 901 1559 senectam

344 1588 457 1673 degere
475 1609 533 1652 nec
551 1586 669 1651 cithara
687 1595 852 1652 carentem.

421 1837 618 1899 GARMEN
639 1839 784 1898 XXXII.

481 1981 537 2029 An
560 1982 724 2031 arnan.

259 2106 431 2171 Poscimur.
451 2104 478 2169 si
496 2106 572 2189 quid
590 2106 681 2170 vacui
700 2104 759 2171 sub
777 2106 889 2171 umbra

258 2200 391 2264 lusimus
410 2209 527 2275 tecum,
546 2199 631 2283 quod
648 2209 680 2263 et
696 2199 780 2263 hunc
798 2200 831 2263 in
849 2223 964 2264 annum

258 2294 344 2357 vivat
361 2302 392 2356 et
408 2293 514 2379 plures
520 2318 529 2370 3
547 2316 622 2379 age,
641 2293 692 2356 die
709 2293 870 2370 Latinum,

321 2385 456 2464 barbito,
475 2408 610 2463 carmen,

258 2521 378 2587 Lesbio
395 2522 531 2607 primum
549 2522 708 2586 modulate
726 2522 797 2599 civi,

259 2616 312 2698 qui
329 2615 419 2680 ferox
436 2613 533 2692 bello,
552 2624 657 2679 tamen
674 2616 755 2680 inter
771 2640 859 2681 arma

259 2710 325 2774 sive
342 2710 488 2774 iactatam
505 2708 651 2794 religarat
670 2709 733 2773 udo

320 2802 409 2866 litore
427 2802 542 2878 navim,

257 2938 410 3002 Liberum
429 2947 460 3002 et
476 2935 589 3002 Musas
608 2937 827 3020 Veneremque
846 2948 877 3003 et
893 2939 938 3003 rlh

259 3054 382 3116 semper
398 3031 577 3095 haerentem
594 3053 726 3117 puerum
745 3031 886 3108 canebat,

259 3136 289 3189 et
306 3125 433 3209 Lycum
450 3124 548 3209 nigris
567 3126 665 3189 oculis
684 3126 836 3211 nigroque

322 3218 405 3282 crine
423 3218 580 3282 decorum.

258 3377 277 3418 o
294 3354 390 3419 decus
407 3353 531 3417 Phoebi
548 3364 580 3419 et
597 3354 731 3439 dapibus
750 3355 888 3439 supremi

257 3456 347 3533 grata
364 3447 489 3512 testudo
505 3446 607 3525 Iovis,
626 3470 646 3511 o
663 3448 806 3513 laborum

258 3541 348 3604 dulce
365 3540 514 3618 lenimen,
532 3540 610 3604 mihi
628 3563 761 3625 cumque
779 3541 866 3605 salve

322 3635 379 3699 rite
397 3634 531 3699 vocanti.

411 3893 609 3955 GARMEN
629 3895 777 3955 XXXIII

347 4037 404 4085 An
428 4037 594 4088 numum
616 4038 852 4089 mnunnuru.

257 4158 348 4238 Albi,
366 4183 406 4225 ne
424 4161 531 4226 doleas
548 4160 621 4247 plus
639 4163 750 4238 nimio,
768 4183 888 4226 memor

256 4254 384 4319 immitis
404 4252 571 4340 Glycerae,
590 4279 652 4320 neu
669 4253 864 4319 miserabiles

219 4383 224 4390 ·
257 4345 403 4412 decantes
421 4348 543 4434 elegos,
562 4371 618 4413 cur
635 4348 691 4412 tibi
708 4348 810 4412 iunior

320 4440 406 4506 laesa
422 4442 596 4526 praeniteat
612 4442 684 4506 fide.
