3225 5442
427 698 635 757 CARMINUM
652 698 727 753 LIB.
741 700 793 754 111.

462 966 661 1025 CARMEN
682 965 760 1024 XX.

411 1110 813 1160 suerranum

269 1240 339 1304 Non
358 1238 461 1314 vides,
480 1247 598 1319 quanto
616 1257 744 1299 moveas
762 1235 888 1320 periclo,

271 1333 405 1418 Pyrrhe,
426 1329 581 1396 Gaetulae
599 1329 718 1394 catulos
735 1329 883 1393 leaenae?

271 1428 348 1490 dura
364 1434 437 1511 post
453 1423 559 1509 paullo
577 1421 681 1508 fugies
699 1423 837 1486 inaudax

333 1518 452 1605 proelia
468 1528 583 1601 raptor,

271 1680 367 1740 quum
383 1678 441 1742 per
457 1654 617 1719 obstantes
636 1654 783 1718 iuvenum
801 1663 943 1718 catervas

271 1751 328 1816 ibit
344 1750 502 1836 insignem
519 1758 663 1834 repetens
681 1748 874 1813 Nearchum:

271 1844 389 1931 grande
408 1854 579 1918 certamen,
598 1841 655 1905 tibi
672 1843 789 1927 praeda
807 1844 897 1907 cedat

336 1938 448 2013 maior,
467 1961 508 2002 an
525 1937 579 2000 illi.

272 2075 409 2151 interim,
429 2075 505 2137 dum
523 2082 558 2136 tu
575 2072 692 2137 celeres
711 2072 842 2158 sagittas

272 2169 404 2256 promis,
423 2168 502 2232 haec
519 2168 628 2231 dentes
647 2167 731 2231 acuit
748 2167 913 2245 timendos,

272 2263 387 2327 arbiter
403 2284 529 2348 pugnae
546 2260 691 2345 posuisse
710 2262 795 2324 nudo

337 2356 396 2421 sub
414 2357 494 2442 pede
511 2355 649 2439 palmam

273 2494 383 2571 fertur,
403 2502 434 2557 et
450 2491 514 2555 leni
531 2514 670 2555 recreare
689 2502 783 2556 vento

275 2611 418 2674 sparsum
436 2586 573 2651 odoratis
591 2586 757 2656 humerum
774 2586 905 2670 capillis,

273 2682 373 2765 qualis
392 2690 446 2746 aut
462 2680 575 2745 Nireus
594 2680 667 2757 suit,
687 2690 741 2745 aut
758 2703 878 2763 aquosa

337 2783 444 2859 raptus
463 2774 503 2839 ab
522 2774 590 2838 Ida.

460 3034 774 3095 CARMENXXI.

395 3180 464 3227 an
500 3176 847 3228 suencuam.

256 3303 287 3370 Ο
306 3315 380 3369 nata
398 3327 522 3369 mecum
539 3304 667 3368 consule
685 3301 818 3379 Manlio,

256 3421 311 3463 seu
329 3408 364 3462 tu
381 3398 524 3482 querelas
543 3398 609 3463 sive
627 3396 710 3483 geris
728 3396 815 3460 iocos

298 3516 355 3557 seu
372 3494 471 3557 rixam
490 3501 520 3557 et
537 3494 664 3556 insanos
683 3513 805 3555 amores

340 3610 396 3652 seu
413 3587 552 3663 facilem,
571 3588 624 3672 pia
640 3596 735 3664 testa,
754 3608 908 3662 somnum,

255 3746 453 3807 quocumque
469 3725 586 3789 lectum
603 3724 728 3788 nomine
746 3722 922 3788 Massicum

257 3841 379 3894 servas,
398 3818 517 3882 moveri
536 3818 631 3903 digna
648 3816 731 3882 bono
750 3818 810 3894 die,

297 3914 467 3990 descende,
485 3912 623 3977 Corvino
640 3912 777 3991 iubente,

242 4044 245 4052 ·
339 4029 481 4092 promere
499 4006 695 4092 languidiora
711 4007 794 4070 vina.

254 4166 318 4208 non
334 4144 401 4221 ille,
420 4166 611 4227 quamquam
631 4141 800 4207 Socraticis
819 4141 923 4205 madet

212 4242 216 4248 ’
242 4238 465 4316 sermonibus,
485 4248 515 4302 te
533 4237 673 4323 negliget
690 4236 849 4300 horridus:

212 4361 216 4367 ¹
298 4342 439 4396 narratur
456 4342 487 4396 et
503 4331 599 4416 prisci
618 4330 748 4396 Catonis

342 4448 435 4511 saepe
452 4448 539 4491 mero
557 4425 691 4490 caluisse
708 4425 816 4489 virtus.
