3225 5442
597 720 626 766 Q.
645 716 764 757 llOltA'l'll
783 714 886 755 FLACCl
1240 712 1294 755 Vll

204 824 742 891 vianus,rcbusGraeciacctAsiaccon·
762 824 912 893 doquidcm
936 825 1056 893 pucritia
1074 826 1134 878 cius
1156 831 1184 877 ct
1203 826 1298 878 adole-

203 893 474 962 stitutisetAegypto
484 892 742 961 inprovinciacfor-
762 893 869 945 scentia
880 894 1034 946 concordat
1048 911 1109 945 cum
1122 893 1155 944 iis
1166 894 1296 961 tempori-

201 960 742 1029 mamredaeta,doaiquecuncta,discor-
761 960 826 1026 bus,
843 960 943 1029 quibus
954 977 1043 1030 usquc
1054 963 1089 1013 ad
1100 978 1136 1029 pu
1149 977 1222 1013 mam
1235 960 1297 1012 t‘hi-

202 1029 256 1082 diis
267 1028 397 1081 civilibus
408 1028 498 1095 fessa,
513 1027 625 1080 nomine
640 1027 741 1097 princi·
762 1026 916 1096 lippensem
931 1045 956 1081 a.
967 1029 1024 1080 712.
1037 1030 1070 1081 de
1081 979 1203 1097 pubiieis
1212 1028 1297 1080 rcbus

201 1096 246 1165 pis
254 1095 741 1165 subimpcriumaceepit'l'amenim
760 1102 896 1148 certatum
916 1103 972 1162 est3
1000 1103 1080 1148 aetas
1100 1096 1106 1146 i
1130 1096 1188 1148 sius
1210 1102 1297 1147 matu-

200 1171 287 1283 qroeta
298 1163 438 1232 susceptis
449 1163 692 1233 tranquillioribus
707 1180 741 1216 ac
758 1163 828 1230 rior,
844 1180 900 1232 qua
914 1180 976 1216 sese
991 1164 1027 1216 ad
1038 1113 1199 1231 Epodorum
1210 1169 1240 1215 et
1249 1161 1297 1215 Sa·

212 1232 368 1284 actioribus
396 1231 481 1283 animi
503 1230 632 1284 sensibus
656 1231 740 1284 ctiam
759 1231 871 1283 tirarum
882 1231 1057 1299 potissimum
1065 1230 1244 1299 scriptionem
1252 1231 1297 1283 dc·

200 1299 279 1352 aliud
288 1299 385 1368 poesis
397 1315 587 1377 genus,quam
595 1299 739 1367 quodatti·
758 1299 808 1366 dit,
820 1299 954 1352 convenit
963 1315 1025 1350 cum
1036 1298 1085 1351 illo
1095 1304 1150 1351 tem
1173 1314 1229 1365 ore,
1241 1313 1297 1367 quo

200 1367 394 1435 gissctantca,
407 1367 498 1419 colere
509 1367 739 1446 instituitquam-
757 1367 831 1420 inter
843 1366 971 1419 homines
986 1366 1124 1419 factiosos
1163 1382 1178 1418 o
1197 1365 1298 1434 princi·

201 1451 285 1513 quam
294 1435 473 1502 pristinorum
488 1435 642 1488 studiorum
657 1453 685 1487 m
696 1452 738 1488 sa·
758 1441 826 1503 patu
836 1434 864 1486 in
875 1434 1151 1487 civitateobtinendo
1160 1433 1297 1486 variator·

200 1503 262 1554 trris
272 1502 397 1622 inqarimis
406 1502 561 1571 positorum
575 1502 739 1571 neutiquam
758 1509 825 1555 tuna
834 1502 1086 1621 depugnatumest,
1098 1501 1174 1621 qqod
1184 1502 1297 1581 quidem

202 1571 286 1648 plane
309 1576 388 1623 aetus
400 1570 603 1624 estimmcmor.
621 1571 740 1640 Appulit
756 1577 867 1689 tempus
878 1569 906 1621 in
929 1586 1076 1639 eapugna
1131 1569 1261 1637 ilippcusr
1272 1586 1297 1623 a.

832 1638 856 1689 2.
872 1637 1020 1691 commissa
1034 1653 1124 1706 usquc
1143 1638 1297 1689 aderitum

201 1655 275 1691 cmm
293 1643 351 1690 tum
369 1638 488 1690 animum
507 1639 544 1691 ad
560 1656 683 1691 carmina
697 1639 737 1707 ly·
757 1638 813 1690 ml

202 1706 269 1769 rica,
304 1722 356 1758 uae
366 1706 511 1759 maximam
522 1708 620 1759 saltem
630 1713 738 1775 partem
757 1722 870 1774 pugnae
884 1703 1018 1759 Actiacae
1034 1722 1058 1758 a.
1074 1723 1100 1757 u.
1111 1706 1169 1757 723.
1185 1705 1230 1757 vel
1247 1721 1298 1771 po-

202 1773 246 1824 his
261 1773 295 1826 dc
318 1779 400 1825 entur
413 1774 595 1842 temporibus.
628 1774 701 1842 Quip
723 1789 738 1826 e
757 1773 813 1825 tius
823 1790 912 1842 usque
923 1774 959 1826 ad
966 1773 1164 1841 depertinet,
1175 1772 1297 1841 donique

202 1842 323 1893 laetatus
333 1846 390 1891 tum
401 1792 738 1910 estrestitutaaliquando
757 1841 807 1893 illa
817 1841 890 1893 vitae
901 1857 975 1909 pars,
984 1858 1038 1909 qua
1048 1840 1076 1892 in
1087 1841 1191 1909 lyricae
1202 1846 1230 1892 ct
1240 1840 1296 1908 cpi·

201 1924 272 1977 pace
293 1925 327 1961 ac
351 1908 555 1977 tranquillitate
583 1910 738 1962 diutissime
758 1908 871 1961 stolaris
882 1908 976 1975 poesis
988 1908 1086 1960 studiis
1102 1914 1228 1961 versatus
1245 1915 1296 1975 cst,

201 1976 269 2028 olim
287 1976 462 2043 desiderata3
481 1976 629 2045 indulgere
645 1977 740 2044 coepit
758 1977 912 2044 respondet
921 1976 962 2027 illi
976 1975 1108 2044 temporis
1119 1976 1224 2044 spatio,
1240 1991 1296 2044 quo

201 2043 327 2096 laetitiae
355 2059 389 2095 ex
415 2049 518 2112 pacato
545 2061 638 2097 rerum
665 2050 739 2097 statu
758 2042 863 2097 Caesar
882 2043 1053 2097 Octavianus
1076 2060 1183 2095 summa
1205 2059 1297 2094 rerum

200 2110 294 2164 animo
305 2127 391 2163 conce
413 2117 458 2163 tae
468 2111 647 2179 pristinorum
659 2111 739 2163 simul
758 2111 863 2180 potitus
873 2110 1059 2179 principatum
1066 2128 1155 2180 usquc
1167 2110 1296 2175 obtinuit,

201 2185 358 2256 temporum
393 2128 550 2231 detestatus
581 2179 739 2246 tristitiam3
758 2180 836 2248 quod
864 2178 975 2248 quidem
1003 2195 1092 2230 annos
1115 2179 1174 2230 fere
1197 2177 1298 2246 viginti

201 2247 323 2314 denique
337 2246 442 2298 bonam
457 2246 597 2299 defuturo
609 2247 740 2315 spcmfo-
757 2248 823 2299 inde
838 2245 874 2299 ab
889 2263 913 2299 a.
927 2264 954 2298 u.
970 2262 992 2298 c.
1003 2246 1061 2297 725.
1076 2246 1120 2297 vel
1135 2245 1193 2297 726.
1207 2261 1296 2313 usque

202 2314 617 2432 vereaususcst,quippequum
625 2314 739 2367 C.Oota-
758 2315 794 2367 ad
803 2315 909 2366 obitum
919 2319 1020 2382 poetae
1027 2313 1084 2365 746.
1092 2312 1296 2380 complectitur.

200 2380 312 2433 vianum
326 2380 419 2433 anima
441 2381 571 2434 vertisset
584 2398 617 2434 aa
635 2388 739 2451 tempe·
758 2381 852 2450 Atque
867 2382 937 2433 haec
956 2398 1040 2450 quum
1060 2387 1136 2434 certa
1151 2387 1235 2449 atque
1251 2397 1296 2433 ex·

201 2448 293 2501 rantia
303 2453 331 2501 et
340 2448 532 2502 moderatione
547 2449 600 2516 uti,
616 2466 688 2518 quae
703 2449 738 2502 ci·
758 2450 869 2528 plorata
879 2449 1045 2514 habeantur,
1057 2448 1173 2515 iuvabit,
1186 2448 1295 2517 opinor,

202 2515 280 2568 vitati
289 2522 451 2584 perpetuam
463 2517 695 2585 tranquillitatem
706 2535 739 2571 ac
758 2535 786 2569 m
801 2517 959 2570 enarranda
969 2516 1079 2569 Horatii
1093 2517 1164 2583 vita,
1185 2517 1297 2585 qualem

201 2583 364 2637 felicitatem
374 2584 555 2651 promitteret.
574 2585 738 2653 Itaqueiam
757 2585 924 2637 adumbrare
945 2584 1153 2649 constituimus,
1177 2585 1218 2636 ita
1236 2600 1295 2636 ver-

200 2651 286 2704 missa
305 2650 458 2719 aliquando
478 2652 558 2720 poesi
577 2652 691 2705 satirica
710 2660 740 2706 ct
758 2652 827 2719 sari,
846 2658 878 2703 ut
886 2654 940 2704 tria
949 2652 999 2705 illa
1013 2652 1072 2704 cius
1088 2652 1192 2720 spatia,
1212 2651 1297 2704 ctiam

200 2719 321 2787 spadica
349 2736 410 2772 sese
438 2726 527 2771 totam
554 2720 590 2773 ad
622 2721 738 2789 lyricam
757 2721 784 2773 in
803 2720 890 2773 rebus
908 2719 1030 2788 publicis
1050 2720 1215 2799 conspicua,
1236 2718 1296 2771 dili-

202 2787 302 2855 pocsin
316 2803 433 2855 eamque
448 2788 574 2840 melleam
591 2789 737 2842 colendam
757 2793 857 2858 genter
876 2787 1084 2853 discernantur,
1109 2806 1131 2839 sr
1150 2787 1223 2840 forte
1242 2786 1297 2840 hac

200 2855 345 2907 transtulit
359 2854 505 2923 extititque
519 2863 577 2907 tum
591 2856 669 2925 lyrae
683 2857 737 2909 La·
756 2855 865 2909 ratione
874 2854 935 2907 fieri
945 2855 1045 2923 possit,
1052 2861 1084 2907 ut
1093 2855 1175 2908 etiam
1183 2854 1297 2923 poetica

201 2922 276 2975 tinae
290 2921 407 2988 fidicen,
426 2940 499 2975 novo
515 2930 619 2976 conatu
637 2924 738 2992 lyrico·
757 2924 816 2977 eius
842 2922 936 2975 studia
964 2923 1066 2974 clarius
1089 2922 1297 2991 perspiciantur

200 3007 261 3041 rum
281 2990 466 3056 Graecorum,
490 2990 672 3060 inprimisque
690 2991 738 3043 Al·
756 2989 917 3060 rectiusque
928 2990 1118 3042 aestimentur.

201 3057 738 3128 caci,laudesaemulatusQuamquam,
790 3059 892 3127 Itaque
905 3057 1041 3109 Horatius
1056 3062 1084 3109 et
1097 3063 1180 3108 natus
1191 3063 1220 3109 et
1229 3058 1295 3109 edu-

201 3132 233 3177 ut
243 3125 369 3191 dirimas,
381 3142 415 3178 ne
426 3125 475 3177 illo
488 3124 601 3193 quidem
612 3132 738 3192 tompore
758 3132 837 3179 catus
847 3131 892 3177 est
902 3141 935 3177 ca
945 3129 1050 3190 aetate,
1067 3140 1123 3192 qua
1133 3124 1229 3176 stabat
1237 3124 1297 3193 qui·

201 3192 261 3245 eius
279 3193 384 3260 poesis,
404 3193 440 3245 ad
460 3209 544 3260 quam
562 3192 653 3260 ipsum
673 3194 738 3244 olim
757 3194 820 3246 dem
831 3192 1055 3246 adhucltomana
1065 3190 1234 3259 respublica,
1246 3193 1296 3244 sed

201 3259 738 3328 tumtemporumtristitiatumiavenilis
756 3266 850 3314 tamen
864 3260 905 3313 ita
920 3259 1027 3324 stabat,
1047 3266 1079 3310 ut
1092 3258 1186 3311 multis
1205 3259 1296 3312 modis

200 3327 307 3396 ingenii
320 3329 415 3380 fervor
429 3327 585 3394 detulisset,
597 3328 739 3381 immemor
757 3329 801 3381 vel
812 3327 866 3381 iam
876 3333 1150 3396 conquassataessct
1159 3327 1296 3381 solatiam
1310 3322 1316 3333 ’

200 3394 295 3447 factus
305 3402 355 3448 est
372 3393 490 3463 Scripsit
500 3396 572 3448 enim
581 3396 738 3464 posteriore
757 3413 847 3465 usque
859 3401 1054 3448 concuteretur
1069 3403 1098 3448 et
1111 3395 1296 3448 labefactare-

201 3463 256 3515 hac
266 3468 358 3515 aetate
369 3462 452 3515 etiam
463 3463 619 3541 Epistolas,
631 3464 685 3516 hoc
695 3468 739 3516 est
757 3470 810 3516 tur.
830 3462 1180 3531 Sensitenimillaprimum
1188 3465 1296 3516 scelera

201 3547 345 3583 sermones
361 3530 514 3583 consimilis
530 3535 688 3600 argumenti
698 3538 737 3586 at
756 3531 904 3600 impiorum
921 3530 1136 3600 parricidarum,
1157 3531 1204 3600 qui
1224 3532 1295 3583 duce

202 3614 256 3717 que
267 3597 380 3651 fuerant
389 3597 597 3667 anteaSatirae,
606 3600 737 3669 perfusas
756 3606 785 3652 et
808 3598 994 3668 antesignano
1017 3598 1151 3666 Catilina,
1183 3598 1303 3652 homine·

202 3665 737 3737 ilasitcmlcporeetfestivitateplane
756 3665 992 3735 flagitiosissimo,
1016 3666 1025 3718 i
1048 3683 1106 3719 sam
1117 3666 1171 3719 iarn
1181 3666 1248 3719 inde
1258 3666 1294 3719 ab

202 3733 369 3799 admirabili,
380 3734 431 3786 sed
439 3736 552 3787 easdem
561 3735 652 3788 minus
663 3736 737 3789 dica·
756 3734 818 3803 ipso
829 3750 903 3786 anno
913 3734 1001 3787 natali
1041 3735 1121 3787 oratii
1135 3735 1193 3786 689.
1203 3750 1295 3802 p.u.c.

201 3816 249 3853 ees
269 3806 297 3852 et
318 3801 478 3868 petulantes
497 3804 626 3873 adeoque
648 3808 736 3856 matu·
756 3807 881 3855 evertere
901 3802 995 3854 conati
1015 3808 1087 3854 sunt.
1116 3800 1211 3854 Sensit
1228 3801 1295 3854 item

201 3868 283 3919 rioris
302 3868 404 3921 aetatis
428 3869 568 3938 sapientia
610 3872 691 3923 lenas
710 3876 739 3924 et
756 3868 898 3941 hominum
907 3869 1090 3922 factiosorum
1102 3867 1294 3935 Cn.Pompeii,

201 3935 336 4001 refertas,
363 3942 395 3988 ut
412 3937 497 4004 plane
519 3939 556 3989 ad
599 3939 736 3991 occndum
757 3935 786 3989 C.
802 3935 897 3988 Crassi
911 3943 940 3988 et
954 3935 983 3989 O.
997 3936 1050 3988 Iul.
1064 3936 1192 3989 Caesaris
1209 3935 1295 3987 ambi·

202 4008 380 4070 eomparatae
391 4004 547 4069 videantur,
555 4021 639 4082 quum
649 4006 677 4057 in
689 4003 736 4057 Sa·
756 4004 875 4069 tionem,
904 4003 951 4071 qui
974 4004 1095 4055 sublatis
1116 4004 1160 4055 vel
1180 4002 1294 4054 remotis

201 4069 262 4122 tiris
277 4070 386 4123 ridendi
402 4077 487 4139 atque
504 4071 737 4189 castrfandicon-
756 4071 822 4123 viris
842 4070 978 4136 cordatis,
997 4070 1103 4123 liberae
1121 4069 1294 4137 reipublicae

170 4192 175 4200 ,
203 4137 294 4190 silium
305 4138 430 4206 inprimis
441 4140 561 4190 eluceat.
587 4145 738 4207 taquema-
756 4138 928 4204 amantibus,
954 4137 1009 4206 ipsi
1032 4138 1100 4189 inito
1120 4136 1295 4190 triumviratu

201 4205 336 4257 nifestum
355 4222 417 4258 esse
432 4205 608 4272 arbitramur,
629 4222 737 4259 omnem
757 4207 851 4259 omnia
864 4222 914 4274 pro
925 4204 1041 4258 arbitrio
1056 4221 1107 4256 suo
1123 4204 1294 4257 constituere

202 4272 276 4325 vitae
287 4290 320 4325 ae
331 4274 485 4326 studiorum
494 4273 667 4342 poeticorum
679 4290 737 4326 cur·
757 4275 942 4340 studuerunt,
961 4289 1051 4352 usqne
1066 4272 1131 4323 dum
1144 4272 1216 4325 inter
1226 4271 1294 4326 Cae·

202 4358 271 4405 sum,
279 4341 738 4419 quempoetatcnuitomniaoqui-
758 4358 847 4395 sarem
858 4342 1054 4461 etPomqrerum
1065 4339 1171 4404 (aOhr.
1181 4358 1208 4392 n.
1218 4339 1295 4393 taes

202 4408 265 4460 dem
275 4408 397 4475 publicis
410 4409 597 4477 temporibus,
613 4426 686 4479 quae
700 4409 739 4460 vi·
755 4408 891 4462 48.=705.
903 4409 955 4462 etl
974 4409 998 4461 6.
1012 4425 1074 4475 p.u.
1085 4408 1119 4479 c.)
1138 4409 1243 4461 bellum
1258 4408 1293 4461 ci-

202 4473 251 4542 dit,
270 4476 433 4542 planissimo
451 4479 632 4546 respondere,
652 4493 738 4547 quan·
757 4475 1098 4545 vilerursustantaerupit
1108 4476 1292 4546 vehementia,
