3225 5442
509 720 715 777 CARMINUM
732 719 807 775 LIB.
823 721 845 774 1.

238 883 345 947 divum
362 880 491 965 rapiam.
511 879 606 944 saeva
624 887 695 942 tene
713 898 785 940 cum
803 877 992 961 Berecyntio

238 999 258 1040 u
274 985 437 1060 tympana,
456 993 538 1055 quae
556 969 757 1053 subsequitur
775 992 887 1035 caecus
905 970 1007 1035 Amor
1025 972 1083 1047 sui,

238 1068 320 1132 llens
338 1088 474 1130 vacuum
490 1064 562 1149 plus
580 1064 677 1127 nimio
696 1061 806 1128 Gloria
823 1064 981 1141 verticem,

238 1161 327 1244 nique
343 1159 440 1224 Fides
458 1157 604 1243 prodiga,
623 1156 811 1241 perlucidior
827 1156 917 1221 vitro.

518 1416 716 1477 GARMEN
737 1417 832 1475 XIX.

486 1559 547 1609 An
581 1558 862 1609 Gnrcnaau.

289 1684 394 1749 Mater
412 1706 506 1749 saeva
525 1681 719 1768 Cupidinum

332 1776 564 1860 Thebanaeque
581 1777 668 1841 iubet
684 1799 735 1841 me
755 1774 897 1842 Semeles
914 1800 993 1862 puer

291 1882 321 1935 et
337 1872 456 1935 lasciva
472 1871 620 1935 Licentia

331 1966 426 2029 finitis
445 1964 584 2029 animum
600 1964 730 2028 reddere
748 1964 917 2029 amoribus.

290 2102 350 2165 urit
367 2096 591 2186 me‘Glycerae
608 2102 690 2165 niter

332 2194 524 2280 splendentis
541 2193 637 2259 Pario
654 2216 808 2258 marmore
826 2194 949 2278 purius3

290 2288 351 2351 urit
367 2297 457 2373 grata
473 2287 659 2373 protervitas

334 2392 364 2445 et
382 2382 486 2445 vultus
504 2382 635 2445 nimium
651 2380 790 2447 lubricus
810 2382 939 2467 adspici.

290 2518 323 2581 in
340 2539 390 2581 me
408 2527 473 2582 tota
489 2540 583 2582 ruens
601 2516 710 2582 Venus

334 2610 475 2696 Cyprum
492 2611 643 2688 deseruit,
661 2635 720 2677 nec
736 2613 853 2697 patitur
872 2612 1008 2699 Scythas

292 2715 322 2768 et
340 2706 438 2769 versis
458 2705 633 2769 animosum
651 2706 739 2788 equis

333 2798 486 2863 Parthum
504 2800 621 2877 dicere,
641 2823 698 2865 nec
716 2824 796 2885 quae
815 2802 891 2865 nihil
910 2803 1049 2867 attinent.

291 2934 342 2999 hic
360 2935 466 2999 vivum
485 2935 562 2998 mihi
580 2936 743 3021 cespitem,
762 2937 814 3001 hic

332 3029 498 3106 verbenas,
517 3030 619 3113 pueri,
637 3030 744 3114 ponite
761 3031 915 3113 thuraque

291 3121 367 3187 bimi
385 3145 456 3186 cum
473 3132 581 3209 patera
597 3124 689 3200 meri3

332 3223 467 3280 mactata
483 3216 588 3281 veniet
604 3216 702 3281 lenior
718 3216 829 3282 hostia
923 3220 928 3228 ’

526 3469 725 3531 CARMEN
746 3472 824 3531 XX.

389 3612 441 3658 AD
462 3610 495 3659 C.
516 3612 673 3664 ClLNIUM
689 3614 966 3665 MAECENATEM.
990 3564 992 3568 ¹

333 3732 405 3797 Vile
422 3734 545 3819 potabis
563 3737 694 3802 medicis
714 3736 869 3804 Sabinum

333 3829 503 3907 cantharis,
524 3828 647 3895 Graeca
664 3834 748 3915 qued
766 3856 826 3919 ego
844 3836 912 3919 ipse
930 3845 1010 3901 testa

333 3922 492 3986 conditum
508 3922 585 4001 levi,
605 3925 695 3990 datus
713 3926 746 3990 in
764 3928 885 3993 theatro

396 4039 494 4099 quum
512 4018 569 4082 tibi
586 4020 726 4105 plausus,

332 4174 403 4217 care
420 4152 591 4220 Maecenas
609 4178 720 4239 eques,
739 4167 774 4221 ut
791 4156 912 4242 paterni

331 4246 468 4311 fluminis
485 4248 572 4332 ripae
590 4250 683 4314 simul
701 4262 733 4315 et
749 4252 856 4315 iocosa

241 4367 244 4372 ·
332 4340 475 4403 redderet
492 4341 600 4407 laudes
620 4344 675 4408 tibi
693 4343 838 4408 Vaticani

396 4436 510 4498 mentis
528 4435 642 4521 image.

238 4531 327 4575 miss.
