3225 5442
537 703 540 709 ·
637 673 1000 741 Q.HORAT11FLAC(21

474 834 550 917 quin
567 843 598 896 et
616 831 760 908 Atridas,
779 833 859 896 duce
878 841 922 909 te,
942 832 1097 918 superbos

474 929 533 993 Ilio
551 928 640 992 dives
658 926 804 993 Priamus
822 926 930 992 relicto

473 1021 706 1104 Thessalosque
723 1020 813 1105 ignes
833 1028 864 1084 et
880 1020 987 1103 iniqua
1004 1020 1120 1086 Troiae

537 1126 640 1180 eastra
657 1114 789 1198 fefellit.-

474 1263 507 1316 tu
525 1252 593 1337 pias
612 1248 701 1315 laetis
720 1250 841 1314 animas
859 1251 984 1335 reponis

474 1346 615 1421 sedibus,
635 1345 786 1430 virgaque
803 1344 906 1408 levem
924 1366 1049 1410 coerces

474 1462 568 1504 aurea
586 1437 724 1515 turbam,
744 1438 865 1523 superis
885 1439 1013 1503 deorum

538 1544 646 1620 gratus
665 1544 696 1598 ct
713 1534 795 1597 imis.

676 1777 874 1838 OARMEN
895 1779 957 1837 XI.

638 1923 695 1970 An
719 1920 996 1971 nnucononu.

344 2056 395 2119 Tu
413 2078 452 2119 ne
470 2056 655 2138 quaesieris,
676 2054 754 2119 scire
773 2055 878 2132 nefas,
897 2077 991 2138 quem
1009 2056 1099 2133 mihi,
1118 2079 1214 2139 quem
1234 2057 1286 2121 tibi

343 2150 438 2213 finem
455 2150 488 2213 di
505 2149 659 2226 dederint,
678 2150 862 2226 Leuconoe,
882 2172 939 2214 nec
957 2149 1151 2235 Babylonios

344 2244 471 2308 tentaris
489 2266 645 2308 numeros.
668 2253 704 2307 ut
720 2244 847 2320 melius,
866 2244 1017 2327 quidquid
1036 2246 1107 2322 erit,
1126 2246 1205 2331 pati!

311 2407 314 2415 ,
344 2360 400 2402 sou
416 2338 522 2422 plures
541 2338 660 2402 hiemes
679 2360 736 2402 seu
754 2337 862 2402 tribuit
879 2337 1022 2423 Iuppiter
1040 2338 1192 2418 ultimam,

269 2496 279 2504 ²
343 2474 397 2556 qui
414 2496 498 2538 nunc
516 2475 667 2559 oppositis
686 2473 827 2539 debilitat
843 2473 1020 2559 pumicibus
1040 2498 1125 2540 mare

344 2568 557 2652 Tyrrhenum3
576 2568 693 2654 sapias,
713 2569 786 2632 vina
803 2568 919 2651 liques,
940 2578 971 2633 et
989 2570 1090 2653 spatio
1109 2569 1198 2634 brevi

344 2686 433 2748 spem
449 2663 576 2749 longam
594 2685 725 2728 reseces.
750 2664 825 2727 dum
843 2664 1011 2747 loquimur,
1030 2663 1147 2749 fugerit
1164 2665 1271 2729 invida

343 2768 444 2835 aetas3
463 2780 555 2843 carpe
573 2758 670 2835 diem,
690 2780 785 2841 quam
802 2758 967 2821 minimum
984 2758 1110 2822 credula
1127 2768 1264 2842 postero.

671 3011 865 3071 CARMEN
885 3010 973 3069 XIL

559 3155 611 3203 nn
632 3154 837 3204 consanum
854 3153 1072 3205 lauansuuiu.

451 3278 556 3362 Quem
574 3281 674 3354 virum
693 3288 747 3344 aut
763 3278 867 3343 heroa·
877 3278 945 3363 lyra
962 3280 1013 3343 vel
1031 3281 1094 3345 acri

451 3373 526 3437 tibia
544 3374 641 3439 sumis
661 3373 831 3450 celebrare,
853 3372 944 3437 Clio?

450 3488 543 3549 quem
561 3467 673 3531 deum?
690 3468 779 3533 euius
797 3467 914 3532 recinet
931 3467 1038 3533 iocosa

513 3583 628 3623 nomen
646 3562 751 3647 imago

451 3707 553 3769 autin
572 3705 726 3771 umbrosis
747 3707 909 3771 Heliconis
929 3708 1012 3795 oris

450 3808 504 3862 aut
522 3822 616 3884 super
632 3797 735 3865 Pindo
754 3800 899 3886 gelidove
916 3801 950 3863 in
967 3800 1112 3865 Haemo?

450 3893 533 3957 unde
551 3896 691 3959 vocalem
710 3904 826 3959 temere
843 3894 1029 3977 insequutae

472 3997 479 4011 ⁶
515 3987 645 4075 Orphea
663 3990 769 4066 silvae,

450 4135 514 4189 arte
532 4135 672 4191 materna
689 4126 814 4211 rapidos
833 4134 1005 4190 morantem

449 4219 611 4284 fluminum
629 4220 737 4305 lapsus
756 4220 935 4302 celeresque
954 4229 1075 4294 ventos,

450 4312 599 4377 blandum
618 4324 648 4378 et
666 4313 781 4379 auritas
800 4313 914 4379 fidibus
933 4313 1055 4378 canoris

514 4409 628 4472 ducere
646 4431 789 4491 quercus.
