3225 5442
567 677 601 741 Q.
615 674 778 731 HORATII
790 674 933 731 FLACCI

385 845 420 899 tu
437 835 506 899 lene
525 843 713 898 tormentum
730 832 857 918 ingenio
875 833 1025 899 admoves

384 928 567 1013 plerumque
585 928 678 1003 duro;
696 936 732 989 tu
749 925 937 1010 sapientium

427 1045 518 1086 curas
537 1030 569 1086 et
585 1042 733 1085 arcanum
751 1020 858 1085 iocoso

469 1114 632 1179 consilium
650 1114 765 1199 retegis
783 1114 909 1199 Lyae03

385 1262 420 1315 tu
438 1274 526 1336 spem
544 1250 667 1315 reducis
685 1250 843 1315 mentibus
862 1251 963 1315 anxiis

384 1346 544 1428 viresque,
562 1354 593 1409 et
610 1345 700 1408 addis
719 1367 837 1409 cornua
854 1346 994 1430 pauperi,

428 1447 500 1523 post
518 1447 548 1501 te
565 1459 667 1521 neque
684 1437 780 1502 iratos
799 1440 943 1503 trementi

469 1555 581 1617 regum
598 1532 703 1616 apices
720 1553 823 1615 neque
840 1533 974 1596 militum
993 1557 1087 1598 arma.

385 1679 416 1734 te
434 1668 534 1733 Liber
551 1678 596 1746 et,
615 1668 643 1733 si
660 1668 742 1733 laeta
759 1669 872 1745 aderit,
891 1668 1002 1733 Venus

387 1784 563 1849 segnesque
580 1763 698 1827 nodum
717 1763 837 1827 solvere
856 1761 986 1828 Gratiae

428 1857 581 1939 vivaeque
598 1857 771 1941 producent
788 1856 943 1933 lucernae,

470 1950 546 2013 dum
563 1949 687 2014 rediens
705 1950 796 2035 fugat
813 1960 898 2015 astra
914 1948 1074 2016 Phoebus.

583 2210 782 2270 CARMEN
803 2211 916 2270 XXII.

616 2355 671 2403 An
699 2353 886 2404 mansu.

385 2479 543 2544 Montium
562 2489 667 2544 custos
685 2501 925 2563 nemorumque,
942 2479 1043 2567 virgo,

293 2638 295 2651 A
385 2596 466 2657 quae
483 2573 660 2639 laborantes
677 2583 766 2638 utero
783 2573 904 2658 puellas

385 2677 433 2731 ter
449 2676 560 2732 vocata
577 2667 667 2732 audis
685 2667 860 2750 adimisque
876 2666 949 2745 leto,

449 2761 523 2825 diva
539 2760 703 2838 triformis3

384 2898 550 2961 imminens
568 2897 660 2961 villae
678 2907 732 2961 tua
748 2898 841 2982 pinus
860 2906 937 2974 esto,

385 3012 480 3074 quam
497 3013 554 3075 per
571 3000 697 3055 exactos
715 3013 775 3076 ego
792 2990 893 3056 laetus
911 3013 1010 3056 annos

384 3085 489 3149 venis*
501 3083 662 3167 obliquum
679 3086 857 3150 meditantis
875 3085 973 3151 ictum

450 3178 602 3264 sanguine
619 3179 744 3242 donem.

575 3430 922 3491 OARMENXXHI.

536 3574 603 3622 Ao
640 3573 965 3623 Pnlnrnnu.

386 3696 484 3762 Caelo
503 3698 630 3783 supinas
650 3698 677 3762 si
694 3697 801 3763 tuleris
819 3721 931 3763 manus

384 3801 532 3856 nascente
549 3793 658 3870 Luna,
676 3793 795 3857 rustica
812 3791 956 3878 Phidyle,

427 3885 455 3950 si
472 3886 562 3950 thure
579 3886 712 3971 placaris
731 3895 762 3950 et
778 3886 878 3951 horna

469 3979 561 4065 fruge
578 3981 680 4045 Lares
698 3980 852 4063 avidaque
869 4000 974 4064 porca,

383 4138 442 4180 nec
458 4117 655 4201 pestilentem
674 4116 786 4181 sentiet
805 4115 953 4180 Africum

383 4210 520 4275 fecunda
536 4212 623 4290 vitis,
641 4234 700 4277 nec
717 4212 854 4277 sterilem
873 4234 966 4297 seges

426 4305 600 4391 robiginem
619 4316 673 4369 aut
691 4306 798 4371 dulces
817 4305 935 4370 alumni

467 4399 621 4483 pomifero
638 4422 734 4487 grave
752 4410 875 4485 tempus
894 4421 985 4465 anno.
