3225 5442
348 724 468 770 XXXIV
733 726 772 765 DE
791 725 859 765 VITA
879 725 915 765 ΕΤ
933 724 1056 766 somma

345 836 537 893 elaboravisse
556 834 639 889 uobis
662 836 747 905 plane
769 850 884 903 persua·
904 840 983 889 catos
1005 850 1069 889 esse
1092 832 1190 887 velex
1211 849 1250 887 eo
1275 833 1449 903 intelligitur,

347 925 408 959 sum
422 906 467 959 sit
904 903 981 971 quod
999 902 1084 957 etiam
1100 899 1276 954 Archilochi
1296 901 1449 956 iambosin

371 974 427 1028 Sed
436 974 567 1027 nolumus
575 971 631 1024 ista
639 969 884 1023 nuncrimarisub-
904 971 1026 1026 Graecia
1047 971 1085 1023 ad
1110 970 1203 1038 lyram
1229 975 1373 1023 cantatos
1395 986 1449 1031 esse

346 1042 431 1096 tillus.
454 1038 641 1095 Praestatlris
651 1037 883 1091 missiscontiuuo
903 1038 987 1093 certis
1001 1041 1115 1091 constat
1128 1043 1264 1091 veterum
1283 1037 1449 1107 scriptorum

344 1112 381 1165 ad
404 1108 633 1179 cognoscendum
654 1111 711 1159 tem
732 1122 765 1157 us
788 1106 883 1159 natale
902 1106 1070 1161 testimoniis
1094 1106 1130 1158 de
1145 1104 1256 1173 quibus
1272 1105 1411 1175 exposuit
1420 1105 1447 1158 A.

345 1178 493 1232 satirarum
502 1175 667 1230 accessisse.
720 1174 884 1226 icverosta·
901 1174 1063 1229 Boeckhius
1098 1172 1357 1228 eMetrisPindari
1366 1173 1447 1243 patu.

343 1247 392 1299 tim
402 1247 438 1299 ab
452 1244 531 1298 initio
544 1241 670 1312 profiteri
684 1241 766 1294 nobis
777 1240 883 1307 licebit,
901 1244 963 1298 Nec
972 1258 1038 1296 vero
1046 1257 1102 1310 quc
1112 1246 1243 1309 tempore
1252 1241 1377 1310 scripsit
1385 1257 1447 1312 quae

343 1314 479 1368 accedere
489 1328 644 1364 noseorum
652 1310 811 1362 criticorum
822 1324 883 1361 scn-
903 1311 961 1364 Sat.
972 1310 994 1362 I.
1003 1310 1029 1376 4,
1039 1310 1073 1362 39
1084 1324 1147 1378 sqq.
1162 1309 1320 1378 leguntur,
1337 1310 1395 1363 iam
1406 1326 1447 1379 po·

343 1375 883 1448 tentiae,quipoetamccnsueruntsati·
902 1378 956 1431 tuit
981 1377 1078 1446 lyricis
1111 1376 1289 1430 carminibus
1326 1376 1447 1431 celsioris

344 1467 389 1502 ras
404 1464 470 1499 suas
485 1462 581 1500 omnes
596 1445 671 1498 intra
686 1460 777 1498 annos
787 1444 845 1496 713.
857 1449 915 1499 ets
938 1445 1017 1498 tritus
1051 1446 1111 1498 ullo
1146 1445 1234 1497 modo
1272 1444 1446 1499 inclaruisse.

344 1515 402 1568 725.
426 1514 528 1566 litteris
551 1513 778 1580 consignavissc,
799 1529 884 1580 quam
902 1513 1006 1566 brimit
1023 1512 1097 1567 enim
1116 1527 1145 1565 se
1159 1511 1200 1564 ibi
1213 1529 1343 1566 numero
1358 1518 1446 1583 poeta·

344 1581 512 1637 scntcutiam
527 1581 673 1635 confutato
684 1580 824 1645 Bentlci0,
855 1578 883 1631 ui
902 1600 971 1649 rum,
982 1580 1161 1647 amovimus,
1177 1579 1286 1648 quibus
1297 1580 1337 1634 sit
1346 1580 1445 1651 ingeni·

342 1651 465 1721 priorem
489 1649 590 1702 librum
615 1649 696 1702 anuis
720 1647 846 1701 715-71
867 1687 883 1714 .,
902 1655 1074 1703 umetmens
1090 1646 1220 1714 divinior,
1236 1646 1408 1719 fateturque
1421 1664 1445 1701 sc

342 1712 531 1788 posteriorem
541 1718 690 1770 intervallo
702 1716 785 1771 trium
795 1715 883 1768 ferme
903 1717 1026 1771 scribere
1038 1722 1147 1769 tantum
1161 1715 1290 1769 sermoni
1303 1716 1444 1786 propiora,

343 1803 479 1841 annorum
488 1785 636 1839 interiecto
647 1784 728 1837 aunis
738 1783 883 1836 tao-722.
902 1791 934 1838 ut
942 1801 1031 1864 prope
1042 1782 1193 1862 suspiceris
1203 1798 1272 1836 eum
1282 1788 1356 1852 tum,
1367 1802 1444 1854 quum

343 1854 480 1919 attribuit,
496 1859 578 1907 acute
593 1852 783 1909 defenderunt
796 1849 883 1903 Sana·
902 1854 974 1906 haec
992 1858 1032 1905 uta
1051 1850 1177 1971 scripsit,
1201 1867 1240 1904 ne
1259 1851 1377 1932 Epodis
1394 1852 1444 1922 qui·

250 1973 255 1979 .
344 1919 884 1988 donus,Kirchncrus,Frankius,Wal-
904 1922 966 1974 dcm
990 1920 1102 1973 scriben
1124 1919 1147 1971 is
1165 1918 1308 1973 maiorem
1328 1921 1444 1990 ahquam

344 1989 520 2057 ckenacrius,
531 1990 681 2056 Weberus,
697 1987 755 2039 suis
764 1987 883 2056 quisque
902 1988 1023 2042 nominis
1031 1986 1225 2042 claritudinem
1232 1988 1444 2056 adeptumesse.

343 2059 387 2112 usi
396 2057 650 2111 rationibusnecde
658 2055 883 2109 omnihusacsiu-
904 2055 961 2110 Sed
978 2056 1050 2109 haec
1072 2062 1217 2123 utcunque
1242 2071 1310 2109 sese
1334 2056 1443 2120 habent,

343 2127 418 2195 gulis
428 2123 761 2179 interseconscnticutcs
776 2122 884 2191 Deque
904 2130 980 2177 cerie
990 2141 1041 2192 per
1051 2140 1081 2177 sc
1091 2121 1203 2175 minime
1213 2128 1260 2176 est
1269 2122 1442 2189 incredibile,

343 2213 372 2249 rc
397 2195 541 2263 disputarc
559 2192 649 2245 fusius
671 2208 746 2244 nunc
763 2208 821 2244 non
844 2195 883 2243 at·
902 2192 932 2244 id
943 2191 1113 2261 quodetiam
1122 2189 1306 2244 Kirchnerus
1317 2191 1443 2246 etObba·

343 2263 428 2327 tinet3
444 2261 567 2316 sufficiat
577 2258 762 2329 significasse,
777 2259 884 2311 nullam
902 2259 960 2312 rius
971 2264 1138 2326 statuerunt,
1151 2258 1308 2311 Horatium
1317 2260 1376 2313 iam
1387 2264 1443 2313 aute

342 2329 460 2398 reperiri
471 2329 594 2394 satiram,
606 2344 689 2396 quam
699 2333 749 2380 aut
759 2333 825 2380 ante
836 2344 883 2380 an·
902 2326 961 2381 724.
971 2328 1055 2381 etiam
1066 2327 1122 2381 alia
1131 2326 1257 2380 carmina
1267 2326 1363 2396 lyrica
1372 2343 1443 2396 prae·

343 2415 410 2449 uum
419 2397 477 2450 713.
493 2401 617 2464 autpost
630 2412 733 2447 annum
748 2395 806 2448 725.
818 2394 883 2447 scri·
902 2402 946 2450 ter
959 2397 1068 2465 epodos
1082 2393 1251 2462 tentavisse,
1269 2395 1341 2449 licet
1356 2395 1443 2449 certis-

343 2471 422 2534 ptam
432 2462 883 2530 essecertisargumentisdcmon·
903 2463 1001 2516 simum
1012 2463 1055 2528 sit,
1067 2480 1130 2516 eum
1143 2461 1263 2531 primum
1279 2462 1377 2517 laudis
1386 2479 1443 2532 poe·

345 2531 427 2585 strari
438 2536 533 2600 queat,
543 2546 635 2597 neque
645 2530 704 2581 ullo
714 2530 799 2582 modo
814 2531 883 2584 veri·
903 2531 976 2585 ticac
998 2531 1165 2584 curriculum
1182 2530 1220 2583 ab
1240 2528 1404 2585 Satirarum
1420 2536 1444 2584 et

344 2599 435 2653 simile
462 2613 525 2652 esse
547 2603 662 2665 poetam
684 2596 714 2649 in
736 2598 883 2651 satirarum
902 2600 926 2651 E
948 2596 1444 2666 odorumscripticneexorsumesse.

344 2666 498 2737 scriptione
526 2665 613 2737 semel
641 2671 811 2733 occupatum
832 2682 884 2734 per
926 2618 1186 2736 Sedposteaquam
1195 2664 1331 2735 vidimus,
1347 2666 1444 2737 quibus

343 2734 457 2804 longius
479 2732 614 2811 temporis
638 2733 758 2801 spatium
781 2750 799 2787 a
818 2734 884 2786 scri·
902 2736 1059 2788 litterarum
1083 2733 1184 2787 studiis
1201 2732 1348 2787 Horatius
1367 2749 1442 2789 vaca·

343 2803 439 2857 hendo
450 2801 602 2870 destitisse,
612 2800 681 2855 licet
691 2818 747 2871 quo
757 2807 883 2870 tempore
903 2802 973 2856 verit
986 2819 1020 2856 ex
1036 2818 1091 2871 quc
1101 2807 1228 2869 tempore
1243 2808 1444 2872 postpugnam

343 2870 549 2950 Damasippum
568 2872 741 2938 composuit,
764 2870 820 2922 hoc
839 2875 885 2923 est
902 2870 1114 2939 Philippensem
1127 2869 1157 2921 in
1170 2869 1295 2938 patriam
1310 2871 1400 2924 redux
1408 2869 1443 2922 fa·

345 2938 460 2993 satiram
478 2938 543 2991 lrbri
561 2937 679 2992 secundi
692 2936 802 2991 tertiam
821 2953 883 2990 exe·
903 2936 1339 2992 ctuseratctscribaemunusin
1350 2954 1380 2992 se
1391 2955 1443 2990 sus-

343 3013 411 3061 unte
422 3006 668 3075 annolilditteris
679 3004 882 3084 consignatam,
903 3010 1029 3073 ceperat,
1049 3021 1107 3058 non
1123 3004 1222 3057 inutile
1247 3004 1318 3074 erit,
1339 3006 1443 3075 opinor,

343 3076 499 3156 paullisper
513 3073 655 3128 scribendi
672 3079 788 3143 negotio
802 3089 883 3126 vaca·
902 3073 986 3127 ctiam
1004 3072 1103 3142 paucis
1127 3071 1301 3140 disperisse,
1327 3091 1442 3143 quanam

343 3144 417 3199 visse
427 3144 563 3197 videatur.
580 3143 713 3197 Necverc
724 3139 883 3194 dubiumvi·
903 3141 976 3195 vitae
987 3147 1120 3195 externae
1131 3139 1295 3193 conditione
1305 3157 1394 3210 porro
1403 3158 1442 3193 us·

345 3212 435 3276 detur,
451 3212 519 3281 quiu
528 3210 649 3280 primum
661 3209 775 3278 quidem
789 3208 882 3277 singu-
903 3226 957 3288 que
967 3210 1004 3263 ad
1015 3207 1164 3263 Octaviani
1176 3206 1372 3277 principatum
1380 3225 1442 3262 usus

343 3280 389 3332 lae
400 3280 503 3332 satirae
518 3277 683 3331 seorsumin
692 3278 782 3330 lucem
792 3276 883 3345 publi·
903 3283 948 3344 sut,
966 3276 1196 3357 quandoquidem
1204 3274 1272 3329 inde
1287 3294 1351 3331 non
1365 3276 1441 3331 modo

345 3362 406 3398 cam
424 3344 594 3412 prodierint,
617 3350 719 3413 postca
741 3350 836 3397 autem
854 3342 884 3395 in
902 3344 1036 3398 iudicium
1049 3345 1084 3397 de
1099 3352 1234 3411 tempore,
1255 3360 1314 3413 quo
1337 3345 1442 3415 singula

346 3414 417 3464 duos
427 3411 883 3465 fasciculossivelibroscollectae
902 3412 990 3482 ipsius
1012 3417 1145 3481 poemata
1164 3410 1271 3479 scripta
1295 3412 1368 3482 sint,
1392 3428 1441 3465 ma·

345 3478 570 3548 evulgatassint,
591 3494 710 3546 quorum
723 3478 845 3546 priorem
858 3496 882 3532 a.
902 3498 987 3550 gnam
1003 3486 1112 3550 partem
1130 3478 1324 3549 suspenditur,
1353 3496 1441 3535 verum

346 3546 414 3613 720,
424 3544 610 3614 posteriorem
620 3561 644 3598 a.
654 3545 712 3597 725.
722 3545 884 3599 confectum
903 3549 987 3602 etiam
1011 3548 1114 3601 clarius
1132 3545 1314 3615 intelligitur,
1340 3548 1390 3669 qui
1406 3546 1441 3601 fa·

345 3629 409 3666 esse
419 3612 569 3681 probabile
583 3617 635 3680 est,
655 3611 737 3666 sicuti
752 3613 808 3666 alio
819 3614 882 3667 loco
903 3622 977 3668 ctum
997 3616 1041 3682 sit,
1059 3621 1092 3667 nt
1105 3620 1191 3684 poeta
1205 3630 1270 3667 eum
1290 3621 1338 3668 stu
1360 3617 1442 3670 iorum

346 3680 536 3744 ostendemus.
904 3691 932 3738 et
947 3683 1129 3737 consiliorum
1144 3698 1258 3734 suorum
1273 3698 1392 3737 cursum
1407 3688 1441 3736 te·

371 3746 499 3817 Apparet
506 3746 884 3819 igitur,n0menHoratiipri-
903 3753 1009 3818 nuerit,
1025 3768 1108 3821 quem
1122 3750 1158 3803 ab
1174 3765 1208 3802 co
1224 3756 1371 3804 servatum
1385 3765 1441 3806 esse

346 3833 420 3869 mum
437 3814 603 3868 inclaruisse
618 3816 782 3883 Epcdorum
798 3823 883 3887 atque
903 3819 958 3872 iam
980 3819 1011 3872 in
1030 3817 1222 3887 superioribus
1246 3817 1441 3874 animadverti·

347 3883 501 3939 Satirarum
516 3883 677 3951 scriptione.
709 3885 885 3955 Quamquam
903 3904 973 3941 mus.
1007 3888 1109 3956 Itaque
1129 3886 1163 3939 de
1182 3882 1226 3936 his
1249 3886 1339 3939 rebus
1358 3886 1441 3957 prius·

345 3952 508 4022 neutiquam
526 3951 660 4005 credibile
679 3959 723 4006 est
739 3954 832 4022 ipsum
851 3971 884 4008 eo
923 3971 987 4009 uam
997 3955 1034 4008 ad
1043 3953 1155 4007 tertiam
1165 3951 1240 4005 ritae
1254 3951 1347 4019 ipsius
1358 3954 1441 4022 perio-

256 4023 262 4034 '
344 4019 710 4091 tempore-poesinlyricam,
721 4027 885 4090 quapostea
904 3971 978 4088 dum,
994 4038 1078 4092 quam
1089 4037 1173 4090 supra
1182 4019 1340 4089 posuimus,
1357 4028 1441 4076 trans·

346 4089 487 4158 excelluit,
501 4089 586 4157 plane
602 4088 771 4159 neglexisse.
799 4087 885 4142 Cuius
904 4089 1073 4159 gradiamur,
1083 4089 1139 4143 hoc
1154 4089 1218 4141 loco
1229 4090 1399 4155 exposuisse
1408 4089 1441 4141 iu-

347 4164 440 4212 tameu
490 4156 648 4211 sententiae
689 4164 885 4226 argumentum
904 4156 990 4211 vahit.
1126 4204 1130 4212 .

345 4225 424 4277 nenti
444 4242 510 4279 uam
527 4225 617 4294 repeti
630 4229 727 4293 potest
745 4240 779 4278 ex
792 4225 885 4293 Epod.
930 4224 1014 4289 Quod
1026 4223 1114 4295 igitur
1123 4228 1287 4292 speraverat
1296 4223 1440 4288 Horatius,

346 4243 531 4360 madanti
542 4294 620 4362 quod
629 4295 885 4360 mendaalpraccm-
904 4293 1029 4345 futurum
1047 4308 1119 4359 esse,
1139 4298 1171 4343 ut
1188 4291 1312 4346 colenda
1351 4292 1441 4346 cisia

345 4365 524 4427 memoratur,
534 4360 657 4438 pertinet
665 4360 721 4413 hoc
732 4359 791 4412 sine
798 4359 884 4413 dubio
903 4360 978 4414 vitae
986 4360 1168 4426 obscuritate,
1178 4358 1208 4410 in
1218 4360 1318 4427 quaah
1341 4359 1441 4413 itusla·

347 4425 384 4478 ad
405 4426 503 4477 iambus
526 4444 583 4480 srva
611 4426 729 4495 epodos,
758 4443 830 4495 quos
858 4432 886 4480 et
903 4430 992 4495 tebet,
1003 4428 1084 4481 citius
1096 4430 1260 4496 emergeret,
1272 4425 1303 4479 id
1313 4428 1339 4481 ei
1350 4428 1441 4497 singu-

345 4491 466 4560 ipsosad
474 4492 592 4560 lyricum
601 4492 696 4561 poesis
706 4509 797 4561 genus
805 4510 885 4549 revo-
904 4496 956 4549 lari
971 4496 1101 4549 fortunae
1115 4493 1260 4548 faustitato
1275 4494 1440 4549 brevissimo
