3225 5442
523 739 749 812 00000000
766 739 841 794 Lm.
858 739 896 794 0.

193 924 261 968 rem
279 898 432 985 imperito,
452 920 489 963 ac
507 898 534 962 si
552 898 603 962 cui
620 897 729 963 videor
745 919 809 961 000
827 896 938 974 iustus,
956 896 1056 961 inulto

193 997 298 1060 dicere
316 994 403 1077 quod
420 992 513 1058 sentit
530 992 685 1078 permitto.
704 1030 746 1038 —
763 990 900 1055 maxime
917 1012 1038 1076 regum,
1244 1004 1294 1052 100

193 1090 227 1153 di
245 1086 303 1152 tibi
320 1088 394 1151 dent
412 1095 504 1170 capta
522 1084 656 1149 classem
674 1084 828 1148 deducere
847 1083 956 1148 Troial

193 1203 271 1267 ergo
290 1179 451 1245 consulere
469 1187 500 1242 et
517 1200 592 1242 mox
608 1179 798 1262 respondere
816 1176 941 1241 licebit?
959 1215 1000 1223 -

193 1273 332 1339 consule.
351 1311 393 1319 -
411 1294 468 1336 cur
484 1270 579 1349 Aiax,
598 1270 690 1336 heros
710 1270 750 1335 ab
768 1269 893 1333 Achille
913 1269 1080 1346 secundus,

191 1367 340 1455 putescit,
358 1365 450 1429 toties
469 1364 601 1429 servatis
619 1365 721 1428 clarus
739 1363 882 1440 Achivis,

192 1460 331 1549 gaudeat
349 1470 383 1523 ut
399 1459 535 1545 populus
553 1457 672 1522 Priami
689 1457 898 1540 Priamusque
915 1457 1088 1533 inhumato,
1239 1476 1288 1523 195

193 1578 251 1641 per
270 1577 363 1638 quem
380 1561 427 1618 tot
444 1554 573 1617 iuvenes
591 1551 692 1636 patrio
710 1573 837 1615 caruere
856 1551 1018 1636 sepulcro?
1036 1590 1076 1597 —-

193 1649 280 1713 mille
297 1648 403 1712 ovium
419 1646 549 1711 insanus
567 1646 660 1710 morti
677 1645 771 1722 dedit,
790 1645 942 1730 inclytum
959 1644 1076 1709 Ulixen

195 1750 228 1805 et
244 1740 432 1805 Menelaum·
444 1762 508 1804 una
524 1761 649 1803 mecum
668 1760 702 1803 se
720 1738 861 1802 occidere
880 1739 1028 1803 clamans.
1048 1777 1089 1785 —
1144 1745 1148 1754 '

194 1843 230 1898 tu
247 1856 345 1917 quum
362 1855 418 1918 pro
436 1832 534 1897 vitula
552 1832 662 1896 statuis
681 1831 805 1895 dulcem
823 1829 941 1895 Aulide
959 1841 1064 1895 natam

194 1938 267 1992 ante
284 1949 354 1990 aras
374 1926 558 2011 spargisque
576 1925 659 1990 mola
677 1934 780 2010 caput,
798 1923 951 2009 improbe,
970 1925 1063 2001 salsa,
1241 1944 1291 1989 200
1309 1954 1313 1963 ·

194 2031 314 2085 rectum
324 2019 420 2084 animi
429 2019 605 2084 servas?—
615 2019 784 2103 quorsum?
794 2019 974 2082 -insanus
985 2019 1061 2101 quid
1070 2017 1152 2081 enim
1162 2016 1247 2081 Aiax

193 2113 279 2191 fecit,
298 2135 395 2197 quum
413 2113 522 2178 stravit
539 2112 622 2177 ferro
639 2112 755 2197 pecus?
773 2111 923 2177 abstinuit
940 2112 1004 2175 vim

194 2229 292 2272 uxore
311 2217 342 2271 ct
359 2216 468 2293 gnato:
487 2206 570 2271 mala
587 2207 685 2270 multa
701 2216 847 2291 precatus
865 2204 987 2270 Atridis

194 2324 259 2365 non
276 2301 327 2364 ille
345 2309 400 2364 aut
417 2299 575 2364 Teucrum
592 2310 646 2364 aut
662 2300 767 2383 ipsum
784 2299 913 2363 violavit
930 2295 1057 2364 Ulixen.
1078 2338 1118 2345 -

194 2416 305 2457 verum
323 2416 392 2480 ego,
410 2404 446 2457 ut
462 2393 627 2459 haerentes
645 2394 778 2457 adverso
795 2392 885 2457 litore
903 2415 999 2458 naves
1241 2412 1290 2459 205

195 2488 357 2571 eriperem,
375 2487 513 2571 prudens
530 2487 653 2573 placavi
671 2487 825 2572 sanguine
843 2486 942 2551 divos.
962 2525 1004 2533 —

195 2602 308 2665 nempe
319 2589 383 2656 tuo,
398 2579 525 2644 furiose.
544 2618 585 2627 —
603 2602 683 2657 meo,
703 2580 840 2645 sednon
858 2580 1006 2645 furiosus.
1027 2618 1066 2628 -

195 2675 249 2757 qui
268 2674 387 2758 speeies
406 2674 483 2738 ahas
501 2675 567 2738 veri
585 2674 773 2758 scelerisque
790 2674 926 2739 tumultu

194 2768 365 2853 permixtas
383 2768 495 2853 capiet,
514 2779 688 2833 commotus
706 2767 881 2845 habebitur,
900 2778 995 2851 atque

196 2862 365 2927 stultitiane
383 2874 464 2926 erret
480 2862 612 2941 nihilum
630 2863 758 2927 distabit
775 2886 815 2927 an
833 2863 888 2927 ira.
1240 2881 1290 2928 210

195 2954 281 3018 Aiax
298 2977 396 3038 quum
412 2956 583 3019 immeritos
603 2956 724 3033 occidit,
743 2955 866 3040 desipit,
885 2978 999 3041 agnos:

194 3071 293 3132 quum
310 3050 447 3133 prudens
466 3050 568 3114 scelus
586 3048 627 3114 ob
645 3049 751 3115 titulos
770 3050 908 3114 admittis
926 3049 1045 3125 inanes,

195 3151 260 3206 stas
279 3142 403 3207 animo?
420 3152 451 3205 00
467 3165 581 3227 purum
599 3153 648 3207 ast
664 3143 739 3207 vitio
758 3142 815 3207 tibi
832 3165 929 3225 quum
947 3143 1101 3206 tumidum
1119 3152 1167 3205 est
1184 3140 1257 3205 cor?

195 3236 222 3299 si
240 3235 310 3318 quis
328 3235 438 3299 lectica
454 3236 584 3300 nitidam
602 3245 726 3322 gestare
743 3244 827 3299 amet
845 3259 969 3321 agnam,

193 3328 268 3393 huic
285 3338 416 3405 vestem,
434 3338 469 3392 ut
486 3339 610 3415 gnatae,
628 3339 717 3414 paret
733 3328 872 3405 ancillas,
891 3337 980 3414 paret
997 3351 1118 3405 aurum,
1240 3349 1289 3395 215

194 3422 314 3485 Rufum
330 3432 385 3486 aut
402 3422 555 3487 Pusillam
572 3424 716 3509 appellet,
736 3423 870 3505 fortique
888 3424 999 3487 marito

195 3514 329 3578 destinet
347 3538 486 3593 uxorem,
504 3517 669 3581 interdicto
687 3517 760 3581 huic
777 3539 870 3580 omne
889 3517 1006 3581 adimat
1023 3518 1071 3583 ius

193 3618 327 3692 praetor,
347 3619 377 3673 et
395 3611 436 3674 ad
453 3633 546 3675 sanos
564 3610 656 3675 abeat
673 3611 771 3675 tutela
787 3612 990 3696 propinquos.

193 3702 289 3784 quid?
306 3703 334 3767 si
351 3704 421 3786 quis
440 3714 567 3790 gnatam
584 3727 641 3789 pro
658 3714 746 3769 muta
763 3705 899 3769 devovet
916 3730 1007 3792 agna,

193 3796 315 3881 integer
332 3806 381 3861 est
397 3799 511 3863 animi?
532 3821 572 3864 00
589 3799 715 3863 dixeris.
738 3822 814 3886 crgo
832 3801 886 3865 ubi
903 3824 1001 3885 prava
1240 3818 1290 3864 220

194 3890 334 3968 stultitia,
353 3890 404 3955 hic
422 3915 545 3956 summa
562 3902 611 3957 est
627 3893 761 3957 insania:
784 3894 839 3976 qui
858 3894 1037 3971 sceleratus,

194 3992 226 4046 et
243 3983 381 4050 furiosus
400 3986 471 4050 erit:
494 4007 589 4069 quem
606 3986 688 4071 cepit
705 3987 805 4051 vitrea
822 3987 917 4062 sama,

192 4076 278 4140 hunc
295 4078 513 4144 circumtonuit
529 4081 671 4167 gaudens
689 4079 822 4144 Bellona
840 4082 984 4144 cruentis.

193 4193 278 4235 nuno
295 4195 354 4258 age
372 4173 528 4238 luxuriam
546 4184 577 4238 et
593 4174 826 4239 Nomentanum
844 4173 945 4258 arripe
962 4195 1100 4237 mecum:

193 4264 298 4331 vincet
315 4267 399 4331 enim
417 4268 529 4333 stultos
547 4269 626 4333 ratio
642 4267 779 4332 insanire
797 4276 937 4352 nepotes.
1240 4283 1289 4331 225

192 4358 245 4423 hic
263 4361 357 4426 simul
374 4364 495 4447 accepit
511 4362 679 4448 patrimoni
695 4362 780 4425 mille
798 4362 924 4438 talenta,

193 4452 297 4531 edicit,
315 4456 452 4539 piscator
468 4456 524 4535 uti,
542 4456 711 4543 pomarius,
730 4478 858 4542 auceps,

245 4570 360 4614 Horatius.
970 4568 1005 4621 ll
