3225 5442
300 719 365 788 208
637 729 672 795 Q.
686 726 853 785 ΗΟΒΔΤΠ
867 728 1013 785 ruaccl

302 888 484 978 pontificum
502 886 614 963 libros,
633 908 754 951 annosa
771 886 935 952 volumina
953 897 1074 965 vatum,

302 986 422 1050 dictitet
439 981 568 1048 Albano
585 980 699 1045 Musas
718 980 750 1044 in
767 991 875 1047 monte
892 981 1054 1065 loquutus.

303 1081 345 1156 si,
363 1077 437 1162 quia
455 1073 623 1142 Graiorum
641 1087 715 1140 sunt
732 1074 955 1158 antiquissima
972 1097 1119 1159 quaeque

304 1174 420 1258 scripta
437 1170 487 1235 rel
504 1170 637 1255 optima,
655 1168 790 1235 Romani
807 1178 986 1255 pensantur
1004 1172 1115 1235 eadem

253 1287 286 1335 su
304 1267 470 1352 scriptores
488 1265 618 1342 trutina,
635 1286 700 1328 non
717 1274 765 1328 est
782 1264 869 1347 quod
886 1265 990 1329 multa
1006 1264 1183 1351 loquamur:

303 1361 347 1424 nil
365 1361 446 1423 intra
463 1367 511 1422 est
528 1358 611 1434 olea,
629 1357 674 1421 nil
691 1366 779 1422 extra
796 1358 896 1422 estin
913 1380 997 1422 nuce
1016 1359 1101 1437 duri3

303 1454 446 1517 venimus
464 1451 506 1516 ad
524 1474 682 1517 summum
699 1449 856 1528 fortunae,
874 1451 1041 1537 pingimus
1059 1460 1154 1535 atque

302 1548 467 1633 psallimus
485 1555 515 1610 et
533 1545 688 1610 luctamur
704 1544 837 1610 Achivis
856 1546 966 1611 scitius
986 1546 1101 1611 unctis.
1246 1542 1248 1545 ’

305 1642 332 1706 si
350 1641 478 1705 meliora
495 1640 577 1717 dies,
596 1649 630 1703 ut
648 1640 735 1717 vina,
752 1648 900 1725 poemata
916 1639 1032 1718 reddit,

254 1754 287 1802 85
305 1735 387 1799 scire
403 1734 496 1798 velim
514 1733 629 1798 chartis
646 1732 781 1819 pretium
798 1743 914 1816 quotus
933 1734 1070 1819 adroget
1087 1758 1198 1799 annus.

307 1827 438 1913 scriptor
455 1827 570 1892 abhinc
587 1849 687 1891 annos
705 1836 830 1891 centum
848 1826 903 1909 qui
920 1826 1055 1905 decidit,
1075 1827 1158 1893 inter

305 1923 462 2008 perlectos
480 1931 664 2003 veteresque
681 1920 791 1985 referri
809 1919 902 1985 debet
919 1944 962 1985 an
979 1921 1066 1986 inter

306 2015 384 2079 viles
402 2026 497 2098 atque
514 2014 633 2079 novos?
649 2012 796 2078 excludat
813 2013 915 2099 iurgia
932 2013 1018 2078 finis.
1038 2054 1082 2062 —-

308 2118 376 2187 „cst
393 2117 484 2173 vetus
502 2118 596 2191 atque
613 2107 731 2192 probus
749 2117 875 2172 centum
892 2108 948 2191 qui
965 2109 1094 2193 perficit
1110 2116 1237 2176 annos.“
1255 2148 1285 2157 —

255 2224 289 2271 40
306 2202 401 2286 quid?
417 2202 473 2285 qui
490 2202 621 2287 depcn'it
638 2202 738 2266 minor
756 2223 819 2266 uno
835 2223 944 2265 mense
962 2202 1016 2266 vel
1035 2226 1132 2282 anno,

307 2299 388 2361 inter
405 2319 485 2380 quos
503 2296 686 2361 referendus
704 2296 781 2361 erit?
799 2305 961 2361 veteresne
978 2307 1106 2382 poetas,

307 2416 347 2456 an
366 2414 445 2476 quos
463 2401 495 2455 ct
512 2414 661 2477 praesens
679 2401 710 2456 et
727 2401 853 2477 postera
869 2402 999 2476 respuat
1017 2393 1131 2459 aetas?
1149 2434 1191 2441 —

309 2488 388 2566 „iste
406 2486 534 2570 quidem
550 2480 672 2551 veteres
689 2486 770 2551 inter
785 2500 920 2572 ponetur
935 2486 1084 2565 honeste,

308 2582 363 2665 qui
380 2582 431 2645 rel
449 2602 557 2645 mense
574 2579 663 2646 brevi
680 2580 731 2646 rel
747 2590 814 2646 toto
832 2590 880 2645 est
897 2581 1001 2646 iunior
1017 2588 1139 2648 ann0.“
1160 2624 1202 2631 —

257 2698 291 2744 ⁴5
308 2687 379 2740 utor
396 2675 564 2760 permisso,
583 2675 764 2759 caudaeque
780 2676 861 2762 pilos
879 2685 914 2739 ut
931 2676 1070 2759 equinae

308 2770 470 2855 paullatim
487 2769 569 2833 vello
586 2779 618 2834 et
635 2770 727 2834 demo
745 2793 857 2847 unum,
875 2770 967 2834 demo
986 2771 1087 2836 etiam
1108 2796 1220 2851 unum,

309 2866 385 2928 dum
402 2864 494 2927 cadat
511 2863 618 2928 elusus
635 2864 754 2929 ratione
771 2865 890 2929 ruentis
908 2865 1023 2941 acervi,

309 2958 363 3041 qui
381 2958 460 3021 redit
478 2958 518 3021 ad
536 2957 636 3023 fastos
654 2968 685 3022 et
701 2958 848 3022 11111111111
866 2957 1010 3023 aestimat
1027 2962 1124 3026 annis

309 3053 499 3134 miraturque
518 3051 594 3114 nihil
612 3051 673 3116 nisi
689 3052 774 3134 quod
792 3052 933 3117 Libitina
950 3055 1100 3118 sacravit.

260 3166 292 3215 10
309 3146 434 3210 Ennius
453 3155 484 3209 et
503 3146 628 3231 sapiens
646 3155 678 3210 11
695 3146 784 3212 fortis
803 3157 835 3210 et
851 3147 928 3211 alter
945 3145 1122 3226 HomeruS,

308 3251 344 3303 ut
362 3240 460 3303 critici
477 3239 598 3316 dicunt,
617 3240 727 3304 leuiter
743 3262 852 3304 curare
863 3240 994 3304 *videtur

309 3357 373 3417 quo
391 3334 545 3419 promissa
562 3334 676 3399 cadant
693 3343 724 3398 et
742 3335 864 3400 somnia
880 3333 1095 3419 Pythagorea

308 3428 447 3492 Naevius
465 3427 498 3490 in
515 3428 660 3493 manibus
678 3451 742 3493 non
760 3438 808 3493 111
825 3438 857 3492 11
874 3427 1031 3492 mentibus
1049 3428 1163 3494 haeret

309 3543 410 3605 paene
427 3522 556 3585 recens?
574 3522 652 3587 adeo
670 3531 814 3586 sanctum
831 3532 880 3587 est
897 3530 988 3586 vetus
1006 3544 1102 3586 omne
1121 3546 1246 3608 poema.

259 3636 291 3682 55
310 3615 480 3701 ambigitur
496 3616 619 3699 quoties
637 3627 707 3681 uter
723 3626 792 3681 utro
811 3616 851 3681 sit.
867 3616 965 3701 prior,
984 3616 1090 3680 aufert

308 3709 468 3774 Pacuvius
487 3710 571 3773 docti
589 3710 705 3774 famam
724 3709 818 3789 senia,
836 3709 956 3774 Accius
974 3710 1038 3786 alti,

309 3803 422 3867 dicitur
438 3801 552 3867 Afrani
572 3814 646 3889 toga
664 3805 848 3869 convenisse
865 3804 1052 3880 Menandre,

309 3896 443 3960 Plautus
461 3897 503 3961 ad
520 3898 680 3982 exemplar
698 3896 798 3962 Siculi
815 3920 982 3984 properare
998 3896 1197 3983 Epicharmi,

309 3991 433 4054 tincere
452 3989 609 4054 Caecilius
627 3991 794 4077 gravitate,
814 3992 980 4056 Terentius
998 4000 1074 4055 arte.

259 4103 291 4150 co
309 4083 367 4147 hos
386 4083 498 4147 ediscit
515 4093 546 4147 et
562 4084 621 4148 hos
639 4093 707 4149 arto
726 4084 841 4169 stipata
858 4084 979 4149 theatro

310 4186 429 4262 spectat
447 4178 549 4241 Roma
565 4188 692 4263 potens;
710 4178 805 4243 habet
822 4178 881 4243 hos
898 4186 1104 4261 numeratque
1121 4188 1237 4263 poetas

309 4273 350 4334 ad
367 4280 509 4335 nostrum
526 4281 650 4357 tempus
668 4272 744 4336 Livi
762 4272 922 4357 scriptoris
941 4271 981 4336 ab
1000 4293 1089 4336 aevo.

308 4364 465 4427 interdum
482 4363 596 4450 vtdgus
614 4375 734 4430 rectum
751 4366 851 4443 videt,
870 4376 919 4430 111
936 4366 991 4431 ubi
1007 4374 1128 4450 peccat

310 4456 337 4518 si
355 4467 475 4521 veteres
492 4456 537 4520 ita
554 4458 683 4523 miratur
700 4458 870 4544 laudatque
887 4462 1008 4545 poetas,
