3225 5442
479 720 754 778 EPISTOLARUM
772 722 845 777 LlB.
859 722 896 775 ΙΙ.
1137 708 1199 773 207

451 1242 493 1319 o.
515 1241 728 1304 florarii
750 1241 927 1303 nnnocr

258 1433 1115 1556 EPISTOLARUM

490 1670 623 1723 LIBER
642 1668 887 1726 SECUNDUS.

541 1923 787 1986 EPISTOLA
809 1924 839 1983 1.

504 2070 560 2118 An
592 2067 877 2120 Aucusrnn.

181 2196 284 2281 Quum
302 2204 348 2262 tot
366 2195 522 2261 sustineas
540 2204 571 2258 et
589 2203 676 2259 tanta
692 2194 820 2279 negotia
838 2192 934 2270 solus,

181 2315 224 2358 res
242 2291 339 2358 Italas
357 2290 452 2355 armis
470 2290 593 2376 tuteris,
612 2288 752 2353 moribus
771 2310 873 2365 ornes,

183 2385 297 2472 egibus
316 2384 463 2450 emendes
468 2408 478 2461 3
495 2384 529 2447 in
545 2382 671 2469 publica
690 2382 856 2448 commoda
872 2402 1011 2467 peccem,

182 2481 203 2547 ri
219 2480 315 2565 longo
333 2500 476 2544 sermone
494 2500 598 2543 morer
614 2487 670 2541 tua
687 2487 841 2562 tempora,
862 2476 990 2541 Caesar.
1038 2552 1043 2562 Ι

182 2574 329 2640 Romulus
347 2583 379 2637 et
395 2572 495 2637 Liber
511 2582 600 2658 pater
617 2581 648 2636 et
666 2593 738 2636 cum
758 2570 891 2636 Castore
908 2570 1033 2649 Pollux,

183 2677 247 2753 rost
263 2666 403 2753 ingentia
419 2666 503 2730 faeta
520 2666 650 2730 deorum
667 2666 701 2729 in
718 2666 836 2750 templa
852 2666 978 2751 recepti,

183 2762 251 2825 lum
268 2771 366 2825 terras
383 2760 608 2843 hominumque
626 2760 734 2825 colunt
750 2783 867 2846 genus,
887 2781 1000 2845 aspera
1016 2758 1100 2825 bella

183 2862 378 2940 componunt,
398 2875 490 2941 agros
509 2854 691 2939 adsignant,
710 2855 827 2940 oppida
844 2854 992 2931 condunt,

183 2948 337 3035 ploravere
355 2948 421 3013 suis
439 2971 502 3014 non
518 2949 709 3034 respondere
726 2949 869 3014 favorem

183 3052 335 3128 iperatum
352 3042 480 3107 meritis.
504 3042 604 3107 diram
621 3042 675 3126 qui
694 3041 836 3107 contudit
853 3041 986 3126 hydram

183 3145 311 3219 rothue
328 3135 417 3201 fatali
433 3146 578 3222 portenta
594 3136 701 3201 labore
720 3135 856 3222 subegit,

184 3230 327 3315 comperit
343 3230 493 3295 invidiam
511 3252 658 3316 supremo
675 3230 738 3295 fine
756 3229 885 3294 domari.

184 3324 238 3387 rrit
256 3324 339 3387 enim
355 3323 478 3409 fulgore
497 3346 569 3401 suo,
588 3324 642 3407 qui
659 3332 846 3410 praegravat
862 3331 945 3388 artes

184 3417 259 3481 nfra
277 3439 311 3482 se
328 3417 446 3503 positas
452 3442 461 3495 3
479 3418 635 3483 extinctus
654 3418 809 3482 amabitur
826 3416 919 3481 idem.

184 3512 334 3596 praesenti
351 3511 409 3575 tibi
425 3520 565 3578 maturos
582 3511 734 3598 largimur
750 3512 885 3577 honores

184 3606 385 3689 ,urendasque
404 3614 493 3669 tuum
509 3629 567 3692 per
583 3628 699 3670 numen
716 3606 863 3691 ponimus
882 3629 963 3684 aras,

185 3698 221 3763 1il
238 3700 389 3763 oritmnm
406 3700 498 3778 alias,
516 3701 562 3765 nil
579 3710 682 3767 ortum
699 3701 761 3766 tale
779 3701 923 3768 fatentes.

185 3794 234 3859 red
252 3803 324 3858 tuus
341 3793 394 3858 hic
410 3795 546 3880 populus
565 3796 690 3881 sapiens
708 3806 740 3861 et
756 3796 859 3861 iustus
877 3797 910 3860 in
927 3817 1000 3872 uno,

185 3908 207 3952 e
225 3888 340 3953 nostris
358 3888 507 3968 ducibus,
525 3899 556 3953 te
576 3887 682 3955 Graiis
700 3891 913 3967 anteferendo,

185 3989 280 4048 cetera
295 4002 495 4068 nequaquam
512 3983 606 4048 simili
622 3984 742 4049 ratione
760 3985 916 4067 modoque

186 4075 333 4154 testimat,
353 4087 384 4142 et
401 4077 463 4143 nisi
480 4100 561 4161 qnae
578 4079 668 4145 terris
687 4089 809 4144 semota
826 4079 954 4162 suisque

186 4170 369 4254 emporibus
387 4171 536 4239 defuncta
550 4173 651 4253 ridet,
670 4172 791 4253 fastidit
808 4181 840 4237 et
857 4172 931 4249 odit,

186 4262 224 4327 tic
241 4263 346 4329 fautor
362 4275 516 4345 veterum,
535 4276 571 4333 ut
588 4266 711 4332 tabulas
729 4288 859 4352 peccare
876 4273 1029 4340 vetantes,

187 4380 256 4441 luas
274 4357 324 4424 bis
343 4360 481 4444 quinque
498 4361 558 4425 viri
576 4372 759 4440 sanxerunt,
778 4361 907 4442 foedera
923 4382 1034 4446 regum

187 4450 228 4515 rel
246 4448 359 4519 Gabiis
377 4454 428 4519 vel
446 4476 518 4520 cum
535 4455 644 4542 rigidls
663 4465 797 4541 aequata
816 4454 953 4534 Sabinis,
