3225 5442
511 732 785 791 EPISTOLARUM
803 735 924 790 LIB.lI.

198 899 379 977 argentum,
399 901 503 954 vestes
523 889 657 955 Gaetulo
676 891 792 954 murice
811 892 931 969 tinctas,

168 1015 181 1052 κ
198 995 272 1049 sunt
290 985 424 1067 quinon
442 983 591 1059 habeant,
611 985 729 1066 estqui
748 1007 811 1047 non
830 995 917 1049 curat
934 985 1058 1050 habere.

168 1135 173 1144 .
197 1100 253 1142 cur
270 1077 349 1141 alter
365 1078 497 1141 fratrum
515 1098 637 1140 cessare
656 1088 686 1140 et
704 1077 817 1140 ludere'
830 1086 860 1141 et
879 1079 954 1163 ungi

196 1170 353 1257 praeferat
369 1170 507 1235 Herodis
525 1170 669 1254 palmetis
687 1170 873 1255 pinguibus3
892 1172 969 1235 alter

177 1262 285 1330 'dives
304 1273 336 1328 et
352 1265 548 1348 importunus
567 1264 608 1327 ad
626 1263 768 1327 umbram
785 1263 865 1328 lucis
884 1264 924 1328 ab
943 1275 1013 1328 ortu

197 1359 372 1422 silvestrem
389 1357 523 1421 flammis
543 1366 573 1420 et
591 1357 673 1420 ferro
691 1356 813 1442 mitiget
831 1380 951 1442 agrum,

196 1451 256 1515 soit
274 1449 410 1527 Genius,
429 1450 531 1513 natale
549 1472 654 1514 eomes
672 1449 726 1532 qui
744 1460 896 1534 temperat
914 1461 1041 1528 astrum,

196 1553 326 1608 naturae
343 1544 420 1608 deus
439 1543 609 1618 humanae,
628 1542 767 1607 mortalis
785 1543 818 1605 in
836 1565 948 1606 unum-

167 1660 171 1666 ·
196 1636 343 1719 quodque
361 1646 468 1720 eaput,
487 1635 577 1699 vultu
593 1635 767 1713 mutabilia,
787 1636 877 1700 albus
896 1647 927 1699 et
945 1647 1019 1701 ater.

196 1739 267 1793 utar
285 1739 372 1793 etex
390 1729 513 1794 modico
531 1739 682 1812 quantum
699 1751 750 1794 res
768 1740 878 1814 poscet
895 1752 1007 1795 acervo

196 1823 318 1899 tollam,
336 1845 395 1887 nec
412 1815 549 1887 metuam
567 1823 643 1906 quid
661 1822 700 1886 de
717 1845 768 1885 me
785 1823 901 1886 iudicet
919 1824 1020 1900 heres,

196 1917 282 1998 quod
298 1938 362 1979 non
379 1916 469 2002 plura
486 1916 568 1980 datis
585 1916 737 1980 invenerit
742 1940 751 1993 ;
770 1925 802 1979 et
819 1925 924 1980 tamen
940 1916 1024 1981 idem

197 2010 277 2074 seire
295 2009 412 2086 volam,
431 2019 583 2092 quantum
601 2008 735 2093 simplex
751 2008 922 2092 hilarisque
939 2011 1046 2095 nepoti

196 2102 352 2187 discrepet
369 2111 400 2165 et
417 2111 569 2185 quantum
587 2102 743 2166 discordet
760 2124 874 2186 pareus
893 2125 997 2167 avaro.

195 2196 291 2259 distat
308 2196 406 2272 enim,
425 2219 556 2282 spargas
575 2206 629 2260 tua
645 2197 811 2282 prodigus,
830 2220 871 2260 an
888 2219 990 2280 neque
1009 2207 1153 2262 sumtum.
1235 2233 1238 2238 <

194 2290 313 2353 invitus
330 2289 444 2366 facias,
463 2311 564 2372 neque
582 2289 672 2374 plura
689 2313 799 2375 parare
817 2289 951 2367 labores,

195 2404 235 2447 ac
251 2382 369 2466 potius,
387 2404 466 2466 puer
483 2392 518 2445 ut
535 2382 625 2446 festis
643 2383 881 2466 quinquatribus
901 2384 984 2460 olim,

195 2476 312 2562 exiguo
329 2486 481 2561 gratoque
499 2476 613 2540 fruaris
632 2485 771 2561 tempore
788 2477 911 2561 raptim.

193 2569 359 2653 pauperies
376 2569 538 2633 immunda
555 2569 663 2655 procul
680 2569 798 2633 domus·
811 2569 907 2634 absit:
927 2591 987 2655 ego
1005 2580 1111 2633 utrum
1148 2613 1151 2617 ι

193 2684 276 2725 nave
294 2662 376 2725 ferar
392 2685 508 2747 magna
525 2686 566 2726 an
582 2684 693 2747 parva,
712 2662 795 2726 ferar
813 2686 895 2727 unus
914 2673 945 2726 et
961 2663 1055 2726 idem.

160 2799 163 2804 -
194 2775 261 2818 non
277 2755 400 2840 agimur
416 2756 543 2819 tumidis
561 2755 639 2819 velis
658 2754 817 2838 Aquilone
836 2756 983 2832 secundo,

194 2869 259 2911 non
277 2859 381 2911 tamen
402 2847 542 2913 adversis
561 2857 694 2912 aetatem
712 2849 855 2913 ducimus
873 2849 1017 2927 Austris3

194 2940 329 3017 viribus,
347 2941 488 3026 ingenio,
507 2942 624 3025 speeie,
644 2942 772 3018 virtute,
791 2943 876 3019 1000,
895 2965 929 3005 re

194 3034 327 3097 extremi
343 3035 528 3120 primorum,
548 3036 694 3100 extremis
712 3057 815 3117 usque
832 3036 961 3119 priores.

193 3149 310 3192 nones
328 3150 455 3192 avarus:
474 3127 536 3192 abi.
559 3129 654 3211 quid?
671 3138 774 3193 cetera
790 3129 855 3193 iam
873 3127 966 3192 simul
984 3127 1044 3192 isto

194 3243 269 3284 cum
286 3220 361 3285 vitio
378 3220 507 3307 fugere?
524 3232 609 3286 caret
626 3222 682 3287 tibi
701 3232 810 3307 pectus
828 3222 913 3286 inani

194 3312 384 3378 ambitione?
400 3324 485 3378 caret
502 3315 611 3379 mortis
629 3315 794 3380 formidine
813 3324 844 3379 et
861 3314 926 3379 ira?

195 3405 331 3483 somnia,
350 3415 480 3471 terrores
498 3408 653 3494 magicos,
671 3407 835 3484 miracula,
855 3430 958 3493 sagas,

174 3520 179 3527 ·
194 3508 364 3564 nocturnos
382 3499 516 3565 lemures
534 3511 737 3586 portentaque
756 3500 911 3565 Thessala
928 3499 1031 3563 rides?

194 3591 315 3656 natales
333 3602 421 3676 grate
439 3594 604 3658 numeras?
620 3594 758 3680 ignoscis
777 3593 905 3658 amicis?

192 3684 296 3749 lenior
312 3695 342 3749 et
359 3687 469 3751 melior
485 3687 523 3751 fis
542 3688 710 3752 accedente
729 3687 875 3752 senecta?

194 3776 273 3860 quid
290 3786 320 3841 te
338 3789 462 3844 exemta
478 3780 563 3844 levat
580 3780 678 3865 spinis
696 3780 736 3843 de
753 3780 895 3865 pluribus
913 3780 994 3843 una?

194 3869 301 3935 vivere
320 3872 348 3935 si
364 3881 448 3937 recte
464 3875 582 3951 nescis,
602 3874 719 3938 decede
735 3873 854 3958 peritis·

194 3963 299 4028 lusisti
317 3965 407 4043 satis,
426 3967 518 4031 edisti
536 3967 611 4032 satis
629 3975 722 4050 atque
740 3966 856 4031 bibisti.

193 4067 321 4142 tempus
339 4058 425 4124 abire
443 4060 499 4124 tibi
517 4068 579 4138 est,
597 4082 637 4124 ne
654 4070 764 4144 potum
781 4058 900 4143 largius
919 4079 1019 4140 aequo

196 4152 298 4217 rideat
315 4164 346 4218 et
362 4155 467 4240 pulset
484 4156 603 4220 lasciva
620 4154 780 4219 decentius
799 4156 916 4227 aetasf‘

1163 721 1227 787 219
