3225 5442
567 694 601 759 Q.
615 692 777 748 ΗΟΒΔΤΠ
790 693 935 750 FLACCI

317 851 499 938 positosque
516 872 644 927 vernas,
663 849 735 913 ditis
754 871 889 916 examen
906 852 1035 931 domus,

360 945 477 1009 circum
493 943 670 1008 renidentes
687 942 783 1007 laresl

317 1038 395 1103 haec
412 1037 467 1102 ubi
484 1037 606 1102 locutus
624 1036 781 1101 fenerator
796 1035 914 1115 Alfius,

358 1134 421 1196 iam
439 1132 501 1195 iam
520 1130 645 1195 futurus
662 1130 809 1207 rusticus,

316 1248 441 1291 omnem
458 1226 580 1312 redegit
597 1225 708 1289 Idibus
725 1225 907 1310 pecuniam;

359 1319 480 1403 quaerit
498 1319 648 1384 Calendis
665 1342 791 1404 ponere.

602 1528 801 1589 OARMEN
823 1530 886 1588 ΠΙ.

540 1672 597 1721 nn
625 1671 944 1723 Mnacnuarnar.

314 1788 458 1853 Parentis
477 1787 551 1852 olim
570 1787 684 1870 siquis
702 1788 799 1873 impia
815 1812 912 1854 manu
934 1787 938 1796 ’

357 1882 454 1946 senile
471 1891 580 1967 guttur
596 1882 734 1968 fregerit,

314 1977 377 2040 odit
394 1976 503 2041 cicutis
522 1976 629 2039 allium
646 1976 820 2041 nocentius.

356 2093 375 2134 o
393 2070 472 2134 dura
488 2092 664 2134 messorum
681 2068 748 2133 ilia!

313 2163 465 2247 quidhoc
482 2163 595 2227 veneni
613 2163 712 2228 saevit
728 2163 761 2228 in
778 2166 989 2249 praecordiis?

355 2281 431 2321 num
449 2258 608 2342 viperinus
626 2257 676 2323 his
694 2280 786 2322 cruor

312 2352 453 2416 incoctus
471 2350 576 2416 herbis
595 2374 645 2416 me
663 2351 792 2416 fefellit?
810 2376 851 2416 an
868 2352 969 2417 malas

357 2445 491 2510 Canidia
508 2445 652 2510 tractavit
668 2445 785 2530 dapes?
813 2475 816 2479 ·

311 2549 347 2603 ut
365 2538 567 2626 Argonautas
585 2549 708 2624 praeter
726 2561 834 2605 omnes
853 2541 1022 2606 candidum

358 2632 476 2698 Medea
493 2634 605 2698 mirata
622 2642 670 2698 est
687 2633 810 2710 ducem,
849 2683 853 2692 .

311 2727 419 2813 ignota
436 2727 517 2791 tauri
533 2727 725 2812 illigaturum
741 2727 827 2813 iuga,

353 2821 500 2905 perunxit
516 2821 577 2885 hoc
593 2822 755 2886 Iasonem:

311 2914 372 2979 hoc
389 2913 535 2979 delibutis
553 2915 619 2980 ulta
636 2916 726 2981 donis
743 2916 887 3001 pellicem

355 3018 498 3093 serpente
515 3010 598 3095 sugit
615 3010 698 3074 alite.

312 3124 371 3166 nec
388 3113 493 3167 tantus
511 3125 651 3186 unquam
669 3104 806 3168 siderum
824 3104 939 3169 insedit
957 3129 1056 3191 vapor

355 3195 533 3260 siticulosae
550 3196 702 3281 Apuliae3
779 3193 789 3210 ⁸

312 3312 371 3354 nec
387 3313 502 3354 munus
519 3289 658 3355 humeris
676 3291 814 3356 efficacis
832 3290 981 3357 Herculis

353 3384 463 3447 inarsit
480 3385 664 3449 aestuosius.

311 3488 343 3539 at
362 3477 389 3540 si
406 3477 482 3559 quid
500 3500 639 3561 unquam
657 3478 718 3543 tale
735 3479 962 3564 concupiveris,

353 3571 458 3634 iocose
475 3570 660 3649 Maecenas,
678 3594 789 3657 precor

311 3686 438 3727 manum
455 3664 560 3749 puella
577 3666 664 3730 savio
683 3674 821 3751 opponat
837 3676 901 3743 tuo,

354 3768 493 3823 extrema
510 3769 541 3823 et
558 3760 590 3824 in
609 3762 728 3845 sponda
746 3760 848 3825 cubet.

601 3969 798 4031 GARMEN
819 3972 879 4031 IV.

620 4112 664 4161 1n
690 4114 856 4163 MnuAM.

280 4222 282 4224 ’
309 4225 412 4310 Lupis
431 4235 461 4290 et
478 4228 568 4312 agnis
586 4238 702 4310 quanta
720 4230 828 4296 sortito
845 4229 956 4316 obtigit

353 4330 455 4383 tecum
474 4321 550 4385 mihi
567 4322 723 4388 discordia
740 4333 796 4401 est,

310 4411 440 4476 Ibericis
457 4424 583 4497 peruste
601 4416 729 4481 funibus
747 4417 829 4482 latus
