3225 5442
310 709 372 779 178
401 779 407 790 ,
644 718 677 784 Q.
692 717 858 774 uonnrn
871 719 1018 776 snaccs

308 905 348 947 nc
366 880 447 946 male
465 877 625 944 conditum
642 876 692 941 ius
710 877 905 962 apponatur?
923 887 961 941 ut
979 901 1092 970 omnes

258 998 290 1045 to
308 972 478 1062 praecincti
495 982 579 1036 recte
596 969 686 1056 pueri
703 970 861 1053 comtique
879 971 1101 1037 ministrent?·

308 1070 388 1134 addc
405 1068 464 1132 hos
482 1075 643 1151 praetcrea
660 1086 767 1141 casus,
785 1064 898 1129 aulaea
913 1077 1012 1130 ruant
1031 1068 1070 1145 si,

308 1173 342 1226 ut
360 1161 468 1237 modo;
487 1159 515 1223 si
531 1158 671 1244 patinam
687 1158 767 1243 pede
784 1158 894 1243 lapsus
912 1158 1046 1247 frangat
1064 1185 1173 1249 agaso.

309 1258 365 1322 scd
383 1253 591 1320 convivatoris
609 1252 655 1316 uti
673 1252 762 1317 ducis
779 1253 943 1339 ingenium
962 1278 1016 1321 res

308 1352 458 1415 adversae
476 1349 594 1412 nudare
613 1343 728 1424 solent,
747 1347 848 1412 celare
866 1350 1063 1415 secundae.“

258 1469 290 1513 75
307 1444 496 1509 Nasidienus
515 1442 556 1506 ad
573 1440 666 1505 haec:
688 1440 763 1520 „tibi
780 1441 813 1504 di
830 1463 1055 1528 quaecumque
1073 1448 1209 1531 preceris

197 1575 202 1584 ·
308 1537 472 1604 commoda
490 1536 578 1613 dent3
596 1535 641 1599 ita
657 1534 824 1600 virbonus
842 1557 876 1600 es
895 1537 1101 1623 convivaque
1121 1543 1248 1619 comis;“

308 1643 338 1697 et
357 1631 458 1696 soleas
476 1629 587 1715 poscit.
610 1640 678 1692 tum
695 1628 727 1692 in
745 1628 826 1694 lecto
842 1651 971 1714 quoque
991 1632 1122 1700 videres
1216 1696 1219 1701 ,

308 1725 444 1812 stridere·
456 1733 575 1788 secreta
593 1723 711 1788 divisos
730 1745 803 1788 aure
821 1745 979 1790 susurros.
1000 1766 1044 1773 —-

306 1819 409 1883 nullos
427 1817 477 1883 his
495 1815 620 1882 mallem
638 1816 729 1882 ludos
748 1826 923 1903 spectasse3
942 1820 1003 1900 sed
1021 1820 1079 1885 illa

256 1932 290 1981 80
307 1913 403 1977 redde
421 1934 495 1997 age,
514 1932 595 1994 quae
613 1911 761 1997 deinceps
779 1910 883 1975 risisti.
903 1949 945 1959 -
964 1912 1122 1981 Vibidius
1141 1919 1215 1982 dum

307 2006 427 2090 quaerit
445 2006 484 2069 do
501 2005 621 2090 pueris,
640 2027 716 2069 num
734 2005 775 2069 sit
790 2026 917 2088 quoque
934 2006 1041 2072 fracta
1057 2010 1185 2096 lagena,

307 2100 393 2183 quod
411 2099 471 2163 sibi
488 2098 630 2184 poscenti
647 2121 710 2163 non
728 2098 842 2163 dantur
857 2100 987 2184 pocula,
1007 2102 1153 2188 dumque

306 2194 425 2258 ridetur
441 2193 522 2257 fictis
540 2215 658 2271 rerum,
675 2192 844 2257 Balatrone
862 2194 1015 2272 seeundo,

306 2287 490 2365 Nasidiene,
509 2287 592 2351 redis
610 2296 748 2352 mutatae
765 2287 891 2365 frontis,
910 2298 946 2352 ut
963 2300 1034 2355 arte
1102 2307 1106 2314 '

255 2400 289 2449 85
308 2382 530 2446 emendaturus
547 2381 720 2446 fortunam:
738 2381 851 2446 deinde
868 2383 996 2465 sequuti
1065 2412 1070 2422 ·

306 2498 492 2540 mazonomo
509 2474 598 2560 pueri
615 2497 731 2561 magno
749 2476 904 2560 discerpta
921 2475 1064 2544 ferentes

305 2568 447 2633 membra
464 2568 565 2654 gruis,
585 2569 687 2653 sparsi
704 2569 770 2634 sale
787 2568 886 2648 multo
903 2592 967 2634 non
984 2572 1058 2637 sine
1076 2573 1179 2663 farre,

305 2662 476 2749 pinguibus
495 2670 526 2726 et
543 2660 610 2726 ficis
627 2672 754 2748 pastum
771 2663 858 2727 iecur
874 2663 994 2729 anseris
1014 2662 1097 2745 albi,

189 2751 192 2759 ¹
307 2766 338 2825 et
354 2757 496 2840 leporum
514 2756 654 2831 avulsos,
673 2766 709 2821 ut
725 2757 823 2821 multo
841 2756 985 2838 suavius,
1004 2782 1127 2839 armos,

252 2869 285 2917 90
306 2872 400 2932 quam
420 2849 446 2913 si
465 2871 536 2913 eum
554 2849 669 2913 lumbis
687 2849 758 2934 quis
777 2850 849 2914 edit.
874 2858 940 2914 tum
956 2861 1089 2936 pectore
1108 2856 1225 2922 adusto

241 2934 245 2943 ’
305 2943 440 3007 vidimus
459 2953 490 3007 ct
507 2943 643 3007 merulas
660 2943 736 3029 poni
753 2953 785 3008 et
802 2943 869 3009 sine
887 2944 978 3008 clune
995 2946 1183 3031 palumbes,

306 3058 419 3102 suaves
437 3058 501 3113 res,
522 3036 549 3100 si
566 3059 630 3101 non
647 3058 776 3102 caussas
795 3046 933 3102 narraret
950 3060 1063 3104 carum
1082 3051 1114 3105 ct

304 3140 431 3193 naturas
450 3130 609 3208 dominus,
629 3153 723 3214 quem
740 3154 798 3196 nos
817 3131 863 3197 sic
879 3130 1020 3217 fugimus
1041 3134 1113 3212 ulti,

303 3234 339 3288 ut
356 3224 433 3287 nihil
451 3225 577 3289 omnino
594 3235 807 3311 gustaremus,
826 3227 912 3289 velut
929 3225 991 3290 illis

254 3339 287 3387 95
307 3317 441 3383 Canidia
459 3318 613 3397 afflasset,
632 3319 721 3404 peior
738 3320 934 3405 serpentibus
952 3318 1056 3386 Asris.
