3225 5442
479 663 687 771 CARMniUM
704 714 778 768 LIB.
793 715 816 769 Ι.

491 980 689 1041 GARMEN
711 980 802 1039 XIV.

439 1123 495 1173 nu
523 1122 852 1175 nnmrunnrcnnr.

282 1250 312 1316 Ο
331 1250 435 1326 navis,
453 1248 588 1313 referent
605 1248 638 1312 in
655 1270 740 1312 mare
758 1259 789 1312 te
806 1250 881 1313 nevi

281 1343 412 1408 fluetus?
429 1365 448 1407 o
466 1342 542 1425 quid
560 1341 648 1429 egis?
664 1341 786 1406 fortiter
803 1365 924 1426 occupa

320 1435 460 1523 portum!
479 1457 582 1501 nonne
599 1435 703 1512 vides,
722 1446 757 1499 ut

365 1530 485 1594 nudum
502 1528 634 1615 remigio
651 1529 733 1594 latus

279 1678 310 1733 et
327 1668 428 1732 malus
447 1667 539 1731 celeri
557 1666 682 1731 saueius
700 1665 813 1731 Africo

279 1772 494 1844 antennaequa
511 1768 640 1847 gemant
658 1782 695 1825 ae
714 1760 780 1825 sine
798 1760 926 1825 funibus

321 1856 376 1919 vix
393 1856 504 1920 durare
522 1855 646 1919 carinae

363 1950 485 2034 possint
502 1949 700 2034 imperiosius

279 2088 413 2170 aequor?
430 2111 493 2153 nen
511 2087 567 2152 tibi
585 2096 658 2151 sunt
676 2086 798 2173 integra
816 2086 921 2164 lintea,

279 2205 339 2246 nen
360 2183 405 2260 di,
424 2204 504 2265 quos
522 2182 634 2245 iterum
651 2203 762 2265 pressa
779 2203 873 2245 voees
892 2180 984 2244 malo.

321 2277 464 2359 quamvis
482 2275 616 2340 Pontica
632 2276 737 2359 pinus,

365 2371 461 2435 silvae
478 2370 543 2434 filia
560 2368 685 2446 nobilia

279 2507 374 2572 iactes
393 2515 425 2571 et
441 2529 541 2593 genus
560 2515 590 2570 et
609 2528 738 2571 nomen:
756 2505 878 2569 inutile!

278 2601 322 2665 nil
339 2601 431 2686 pictis
449 2600 577 2665 timidus
595 2600 702 2664 navita
719 2600 878 2685 puppibus

320 2694 402 2758 fiditl
421 2704 469 2772 tu,
488 2694 549 2758 nisi
568 2695 669 2759 ventis

363 2789 459 2853 debes
476 2788 661 2865 ludibrium,
680 2811 765 2852 eave.

276 2948 376 3011 nuper
394 2926 561 2991 sollicitum
578 2947 659 3009 quae
676 2926 753 2989 mihi
771 2926 919 3001 taedium,

276 3042 360 3084 nune
377 3020 567 3085 desiderium
584 3042 721 3103 auraque
738 3042 802 3083 non
820 3019 910 3094 levis,

319 3114 472 3179 interfusa
488 3113 621 3178 nitentes

363 3208 442 3273 nites
460 3230 597 3291 aequora
615 3206 782 3293 Cycladas.

495 3469 693 3532 OARMEN
714 3471 790 3530 XV.

255 3612 370 3662 nnanr
387 3612 615 3665 vnrrernruu
633 3614 683 3664 nn
701 3612 856 3664 nxernro
877 3612 1028 3661 anema.

275 3736 391 3801 Pastor
407 3759 503 3820 quum
522 3738 657 3803 traheret
674 3760 731 3824 per
748 3738 829 3803 freta
845 3736 979 3803 navibus

242 3907 245 3914 Ι
275 3830 380 3895 Idaeis
398 3831 555 3897 Helenam
571 3834 710 3917 perfidus
729 3833 895 3918 hospitam,
971 3868 972 3871 κ

275 3923 397 4010 ingrato
416 3926 532 3991 celeres
551 3926 654 3991 obruit
671 3927 735 3992 etio

339 4027 464 4097 ventos,
482 4028 519 4083 ut
536 4031 660 4085 caneret
677 4020 744 4085 fera

273 4152 395 4219 Nereus
413 4154 492 4219 fata:
513 4155 615 4234 „mala
633 4157 720 4222 ducis
739 4158 790 4221 avi
808 4157 946 4230 demum,

275 4267 370 4330 quam
388 4249 487 4313 multo
503 4258 624 4333 repetet
642 4248 776 4315 Graecia
792 4249 900 4325 milite,

276 4341 435 4406 coniurata
453 4352 522 4407 tuas
541 4366 684 4429 rumpere
702 4344 828 4428 nuptias
896 4402 900 4412 .

340 4445 371 4499 et
387 4459 520 4523 regnum
540 4438 658 4501 Priami
675 4447 776 4502 vetus.
