3225 5442
315 707 353 749 VI
697 706 736 745 DE
754 705 823 745 VITA
841 706 878 744 ΕΤ
897 702 1019 745 scalpris

312 819 362 872 illa
371 823 465 872 aetate
473 817 588 886 publice
598 821 741 885 gestarum
755 813 850 867 discri-
869 819 925 867 tam
941 831 1002 867 cum
1016 814 1075 868 vita
1088 819 1172 884 atque
1185 817 1285 870 studiis
1295 817 1409 872 Horatii

312 887 396 954 mina,
402 892 433 939 ut
442 885 532 939 omnis
543 884 603 938 eius
612 891 746 953 tanquam
752 882 851 935 fabula
869 883 995 935 habeant
1005 883 1229 938 coniunctionem
1243 902 1278 938 ac
1287 888 1410 939 necessi-

312 955 389 1008 haud
398 954 573 1006 incommode
583 952 611 1003 in
622 960 702 1004 actus
713 951 850 1019 quosdam
868 950 1007 1016 tudinem,
1027 956 1059 1002 ut
1067 950 1126 1004 iure
1137 952 1231 1005 dicere
1241 953 1339 1021 liceat,
1359 955 1411 1007 illa

313 1020 663 1090 deseribipossevideatur.
672 1017 850 1071 Potesteiiim
869 1018 932 1086 ipsa
940 1018 969 1069 in
983 1018 1017 1069 iis
1027 1026 1083 1070 tam
1105 1036 1169 1071 uam
1182 1037 1349 1087 repercussa
1360 1023 1410 1074 ali-

311 1091 382 1143 illud
391 1107 442 1159 pro
453 1088 588 1142 varietate
598 1104 698 1154 rerum,
710 1102 783 1155 quae
793 1093 850 1137 tuin
870 1103 925 1155 qua
934 1102 1027 1138 rerum
1039 1036 1216 1164 pubiicarum
1231 1088 1352 1156 imagine
1364 1106 1409 1142 ex·

313 1164 480 1225 evenerunt,
496 1161 524 1210 et
535 1172 587 1225 pro
602 1156 747 1221 fortunae,
767 1170 851 1223 quam
869 1170 1059 1221 pressaccrui.
1071 1154 1408 1216 Quodtameniisminimc

311 1243 357 1280 res
376 1226 504 1278 Romana
530 1223 629 1291 subiit,
656 1222 850 1275 vicissitudine
869 1220 968 1273 mirum
985 1222 1107 1289 accidet,
1128 1223 1175 1291 qui
1189 1238 1282 1276 secum
1296 1230 1408 1291 reputa-

311 1294 390 1346 nullo
405 1292 521 1361 negotio
535 1291 564 1343 in
578 1298 635 1343 tres
650 1288 736 1342 dividi
745 1295 849 1357 partes.
869 1289 972 1355 verint,
989 1289 1155 1357 scriptorum
1165 1296 1194 1342 et
1203 1298 1350 1358 poetarum
1360 1310 1408 1344 an·

311 1361 423 1414 Etenim
432 1356 851 1428 primaquidemeiusparticula
869 1356 1007 1426 tiquitatis
1030 1356 1142 1410 omnino
1165 1358 1239 1410 hanc
1258 1360 1345 1410 fuisse
1369 1360 1409 1412 vi-

313 1428 509 1495 complcctitur
520 1426 654 1493 temporis
663 1425 738 1476 illius
748 1440 850 1476 meino-
871 1424 954 1477 vendi
965 1425 1168 1492 conditionem,
1184 1432 1215 1477 ut
1223 1426 1348 1494 ipsorum
1362 1445 1408 1480 res

311 1496 390 1561 riam,
403 1511 457 1564 quo
469 1494 603 1562 pristinae
614 1492 788 1561 reipublicae
795 1498 850 1543 sta·
869 1492 1292 1560 atquescribendiconsiliafeie
1302 1495 1408 1546 arctius
1467 1522 1469 1525 ·

312 1574 358 1615 tus
368 1561 545 1631 quantumvis
556 1561 660 1613 dudum
670 1559 849 1613 essetmisere
870 1576 932 1611 cum
950 1560 1035 1613 rebus
1053 1561 1174 1627 publicis
1195 1562 1409 1615 continerentur

311 1631 503 1691 labefactatus
525 1628 760 1696 vehementerque
785 1643 848 1679 con·
869 1627 959 1695 iisque
975 1644 1060 1696 saepe
1076 1629 1159 1681 ctiam
1174 1630 1259 1707 plane
1273 1635 1408 1697 attempe-

313 1695 850 1768 quassatus',tamennondumplanede·
869 1701 1005 1748 rarentur.
1036 1696 1136 1764 Itaque
1154 1702 1212 1749 vita
1225 1698 1336 1749 Horatii
1354 1714 1407 1765 pro

311 1766 402 1820 iectus
413 1771 473 1819 erat
483 1765 517 1817 dc
527 1764 711 1817 fundamento
722 1780 787 1830 suo,
805 1779 851 1813 us·
870 1763 1053 1815 communium
1069 1769 1226 1831 temporum
1241 1765 1408 1817 vicissitudi-

312 1851 366 1902 quc
378 1834 442 1885 dum
453 1832 566 1884 tandein
578 1830 752 1899 optimatium
765 1830 850 1899 parti·
869 1830 967 1896 nibus,
987 1848 1059 1899 quae
1078 1838 1136 1883 tum
1156 1838 1322 1900 evenerunt,
1341 1832 1408 1885 item

311 1901 366 1954 bus
376 1900 494 1954 devictis
508 1898 619 1967 penitus
635 1899 850 1952 convelleretur.
869 1904 965 1967 potest
974 1899 1002 1951 in
1012 1906 1069 1951 tres
1080 1899 1204 1967 dispesci
1213 1905 1317 1968 partes,
1334 1917 1407 1968 quae

312 1969 395 2032 Quod
405 1968 517 2038 quidem
523 1967 656 2035 temporis
663 1966 850 2034 spatiumper-
869 1982 957 2035 prope
968 1967 1146 2020 adamussim
1162 1984 1223 2019 cuin
1234 1968 1325 2020 tribus
1339 1968 1407 2034 illis,

311 2036 383 2089 tinet
400 2052 489 2105 usque
508 2035 545 2087 ad
559 2051 682 2103 pugnam
695 2034 772 2103 apud
785 2032 850 2086 Phi·
869 2051 939 2104 quas
949 2034 1104 2103 posuimus,
1115 2040 1272 2102 temporum
1281 2035 1407 2103 periodis

311 2105 405 2172 lippos
420 2120 485 2156 au.
500 2103 557 2155 712.
572 2101 630 2155 sive
644 2102 686 2155 42.
704 2119 729 2155 a.
745 2100 810 2154 Chr.
823 2119 850 2153 n.
870 2102 1407 2171 congruunt.Etenimpucritiaetadole·

312 2171 495 2236 commissam,
503 2169 850 2240 quaitaevenit‚ut,quem·
870 2170 978 2223 scentia
988 2170 1086 2239 ipsius,
1103 2187 1159 2239 qua
1169 2172 1313 2237 educatus,
1329 2171 1407 2223 insti-

311 2240 463 2293 admodum
481 2238 599 2291 Tacitus
617 2238 688 2302 ait,1
714 2238 802 2290 Bruto
822 2242 945 2290 eltutus
965 2244 994 2291 et
1016 2240 1052 2291 ad
1074 2238 1276 2291 humanitatem
1296 2238 1407 2291 coufor-

312 2308 412 2364 Oassio
433 2306 537 2372 caesis,
556 2305 636 2368 nulla
655 2304 711 2358 iam
729 2305 850 2373 amplius
869 2312 960 2359 matus
971 2312 1022 2369 est,
1037 2322 1126 2374 usque
1137 2306 1333 2375 duindenique
1349 2323 1407 2359 cer-

309 2377 414 2444 publi'ca
427 2391 504 2427 arma
518 2379 706 2441 superessent
736 2373 779 2424 Ex
794 2390 849 2442 quo
868 2379 927 2426 tum
945 2391 979 2427 ac
1002 2373 1187 2426 deliberatum
1209 2373 1322 2427 vivendi
1341 2390 1404 2426 con-

311 2450 438 2510 tempore
449 2441 557 2493 orditur
566 2441 656 2494 altera
664 2440 756 2508 istius,
786 2459 850 2494 uam
869 2441 960 2494 silium
970 2442 1062 2508 iniret,
1068 2440 1167 2493 incidit
1176 2441 1204 2492 in
1213 2441 1263 2494 illa
1269 2447 1406 2508 tempora,

312 2508 531 2578 designavimus,
546 2508 648 2561 aetatis
659 2526 735 2577 pars.
761 2458 849 2561 flimi.
870 2509 971 2579 quibus
981 2510 1091 2562 inclusa
1100 2508 1214 2561 fuerunt
1226 2525 1297 2577 quac
1313 2508 1379 2562 inde
1390 2526 1407 2561 a

312 2584 404 2631 catum
423 2576 496 2630 enim
510 2575 613 2641 dehinc
627 2594 684 2630 non
702 2593 754 2644 pro
768 2594 849 2646 repu·
867 2577 957 2645 prima
972 2576 1135 2630 Catilinaria
1154 2576 1346 2629 coniuratione
1361 2593 1408 2627 us-

311 2646 388 2699 blica
397 2650 450 2711 est,
465 2645 515 2697 sed
524 2660 575 2711 pro
587 2643 748 2712 ambitione,
764 2662 849 2713 quan·
869 2661 922 2714 que
933 2646 970 2698 ad
979 2661 1102 2713 pugnam
1113 2643 1336 2712 Philippensem,
1351 2644 1407 2696 hoc

312 2712 463 2782 doquidem
474 2720 563 2764 ortum
574 2718 715 2765 certamen
725 2718 769 2765 est
777 2714 850 2765 inter
869 2717 1015 2781 estusque
1026 2713 1063 2764 ad
1074 2728 1200 2764 eversum
1209 2711 1344 2779 pristinae
1355 2712 1407 2764 rei-

312 2780 452 2850 singulos,
471 2779 520 2849 qui
537 2779 723 2849 principatum
737 2779 766 2833 in
785 2780 849 2833 civi·
868 2780 999 2848 publicae
1015 2784 1130 2845 statum,
1148 2779 1262 2847 publice
1277 2785 1359 2847 gesta
1373 2796 1408 2831 ac

310 2854 369 2902 tate
389 2846 561 2901 affectabant
579 2853 607 2900 et
631 2865 737 2901 summa
758 2865 850 2902 rerum
870 2864 950 2900 susce
973 2852 1001 2900 ta
1016 2853 1093 2912 sunt,
1112 2847 1139 2899 h.
1151 2856 1174 2899 e.
1189 2864 1278 2916 usquc
1293 2848 1329 2898 ad
1344 2864 1368 2898 a.
1379 2864 1406 2898 u.

311 2915 397 2986 potiri
412 2915 601 2980 conabantur,
621 2915 751 2968 omnibus
764 2916 850 2969 rebus
869 2910 929 2967 712.
982 2933 998 2966 x
1008 2931 1064 2984 quo
1075 2921 1200 2982 tempore
1212 2915 1321 2966 initium
1331 2914 1408 2982 cepit

311 2984 413 3037 misero
429 2984 549 3052 partium
563 2983 656 3036 studio
670 2983 849 3052 perturbatis.
868 2983 918 3036 illa
935 2981 1024 3051 ipsius
1043 2988 1134 3048 actas,
1155 2998 1211 3051 qua
1228 2983 1347 3051 primum
1364 2983 1405 3033 in-

312 3052 391 3117 Quae
402 3052 514 3123 quidem
523 3051 661 3105 variarum
671 3052 791 3120 partium
800 3068 850 3119 pu·
869 3067 982 3120 gressus
1006 3057 1050 3105 est
1070 3050 1163 3104 laudis
1181 3049 1311 3118 poeticae
1334 3049 1406 3101 viam

312 3138 369 3190 gna
383 3126 413 3174 et
426 3120 567 3173 contentio
581 3118 747 3187 perduravit
759 3135 849 3188 usque
869 3118 1013 3200 ediditque
1027 3119 1117 3189 prima
1131 3117 1275 3171 facultatis
1289 3117 1408 3186 ingenii-

312 3189 349 3242 ad
362 3205 485 3258 pugnam
495 3188 642 3240 Actiacam
656 3192 774 3240 excunte
787 3203 813 3239 a.
822 3203 850 3239 u.
869 3203 924 3256 que
935 3205 978 3240 sui
992 3186 1192 3241 documentaE
1214 3185 1276 3238 odis
1290 3186 1407 3237 maxime

312 3257 370 3309 723.
381 3257 438 3310 sive
450 3273 474 3308 a.
483 3256 525 3309 31.
536 3261 601 3308 ante
612 3254 675 3309 Chr.
685 3273 712 3307 ii.
724 3254 850 3307 commis·
869 3261 954 3324 atque
966 3255 1065 3309 Satiris
1076 3204 1245 3320 scribendis,
1260 3253 1288 3305 in
1304 3252 1407 3321 quibus

313 3341 384 3389 sam,
401 3323 479 3376 cuius
494 3322 540 3374 hic
554 3322 608 3374 fuit
623 3322 726 3388 exitus,
746 3328 849 3374 utmox
869 3322 928 3376 fere
948 3340 1046 3377 sensus
1066 3322 1225 3375 acerbiores
1249 3338 1282 3373 cir
1306 3320 1407 3373 aetatis

313 3390 406 3443 omnia
414 3390 444 3443 in
453 3388 851 3458 uniusprincipispotestatem
868 3390 982 3444 tristitia
991 3408 1026 3443 ac
1035 3389 1236 3457 depravatione
1251 3388 1343 3441 animo
1355 3404 1406 3439 suo

313 3458 509 3511 concederent.
527 3456 597 3510 Inde
609 3473 674 3509 vero
684 3457 765 3510 tertia
775 3463 850 3511 aeta·
870 3464 1018 3526 susceptos
1046 3457 1196 3524 expressit,
1224 3473 1258 3508 ac
1285 3455 1406 3507 fortasse

311 3526 348 3579 tis
363 3524 535 3578 Horatianae
549 3529 691 3593 tamquam
707 3542 793 3578 scena
808 3541 851 3577 ce·
870 3523 954 3577 etiain
964 3523 1123 3592 pangendis
1134 3523 1228 3591 lyricis
1238 3523 1408 3592 quibusdam

312 3594 355 3661 pit
368 3592 491 3659 initium,
511 3608 583 3661 quac
594 3609 682 3661 usque
697 3594 734 3646 ad
749 3610 851 3645 annum
871 3590 1050 3658 carminibus,
1062 3606 1135 3658 quae
1149 3590 1263 3643 fuerunt
1273 3590 1352 3670 quasi
1367 3592 1407 3659 ly-

312 3666 414 3729 poetae
426 3660 608 3713 emortualem
619 3678 646 3728 p.
652 3678 677 3712 u.
685 3678 708 3714 c.
719 3660 777 3713 746.
788 3676 851 3729 por·
870 3658 945 3711 ricae
950 3657 1046 3726 poesis
1056 3657 1173 3710 melicae
1184 3657 1330 3726 primitiae.
1341 3658 1407 3719 Qui-

311 3727 421 3797 rigitur‚
432 3727 576 3806 habetque
587 3728 657 3780 illud
667 3735 850 3807 tempusque
870 3727 923 3780 bus
933 3724 1043 3793 quidem
1054 3725 1151 3777 studiis
1161 3725 1281 3794 poeticis
1290 3726 1369 3778 brevi
1379 3726 1408 3777 id

312 3795 426 3849 tandem
435 3795 517 3847 unius
531 3795 650 3848 invaluit
659 3796 812 3850 dominatio
824 3799 853 3846 et
871 3798 915 3847 est
924 3798 1124 3861 consequutus,
1130 3804 1162 3845 ut
1171 3810 1228 3844 non
1235 3794 1317 3845 modo
1329 3793 1357 3845 in
1367 3793 1407 3845 in-

312 3862 460 3933 paullatim
469 3862 508 3915 ita
515 3862 679 3917 confirmata
688 3871 739 3930 est,
746 3868 777 3915 ut
787 3861 851 3915 civi·
870 3861 1408 3939 teriorempraestantissimorumpoeta·

312 3930 365 3985 tati
379 3936 464 3984 antea
473 3931 612 3984 bellorum
626 3931 748 3985 civilium
762 3928 852 3983 flucti-
870 3946 939 3993 rum,
955 3927 1071 3998 quitum
1084 3928 1221 3995 vixerunt,
1236 3928 1365 3981 notitiam
1381 3935 1409 3981 et

313 3999 367 4052 bus
381 3998 481 4051 misere
500 3999 622 4052 iactatae
640 4005 670 4052 et
685 3996 852 4051 tristissimis
871 3995 1089 4051 familiaritatem
1109 3996 1282 4067 perveniret,
1315 4013 1409 4048 verum

313 4072 512 4135 tempestatum
526 4066 659 4135 procellis
669 4066 793 4135 agitatae
803 4063 852 4117 ali·
872 4064 954 4118 etiam
969 4065 1125 4135 principum
1138 4065 1167 4118 in
1176 4065 1323 4133 republica
1336 4063 1407 4114 viro-

315 4136 427 4205 quando
434 4151 505 4214 pax,
521 4133 712 4203 tranquillitas
722 4150 756 4186 ac
765 4131 852 4186 felici·
871 4150 931 4185 rum
942 4133 1089 4204 colligeret
1102 4134 1222 4213 gratiam
1233 4138 1317 4200 atque
1330 4130 1409 4183 favo-

314 4209 358 4256 tas
372 4202 488 4257 rediisse
503 4210 552 4256 aut
566 4207 641 4255 certe
655 4201 781 4254 reditura
790 4217 852 4253 esse
871 4218 937 4254 rem.
955 4201 1060 4256 Verum
1070 4219 1145 4256 enim
1154 4217 1221 4255 vero
1232 4198 1346 4252 mutatis
1359 4216 1408 4266 pu-

315 4270 464 4323 videretur.
490 4270 584 4340 Atque
595 4269 666 4322 haec
675 4268 738 4336 ipsa
747 4275 853 4347 tempo·
871 4265 1408 4338 blicorumtemporumrationibusctiam

316 4355 376 4390 rum
389 4338 475 4391 veluti
488 4342 627 4390 momenta
646 4352 679 4388 ac
694 4335 854 4389 discrimina
873 4336 965 4390 studia
980 4337 1039 4390 eius
1070 4336 1162 4390 oetica
1175 4335 1292 4387 multum
1303 4340 1409 4387 mutata

316 4406 519 4473 propemodum
528 4404 626 4457 mirum
636 4402 711 4455 dictu
718 4409 853 4473 estquan·
873 4356 1112 4473 sunt,idqu0dita
1122 4404 1226 4456 factum
1233 4408 1277 4454 est
1284 4409 1351 4469 post
1361 4419 1408 4468 pu-

338 4494 353 4530 ·1
368 4493 425 4531 nnn.
435 4494 453 4530 1.
463 4496 482 4531 a.
872 4488 957 4541 gnam
970 4469 1129 4537 Actiacam,
1147 4469 1196 4522 ubi
1207 4468 1311 4522 Cacsar
1325 4467 1406 4521 Octa-
