3225 5442
304 675 366 741 154
634 681 1011 752 Q.110RAT11rLAccl

252 870 284 916 os
303 848 329 912 si
348 858 378 911 te
396 847 457 911 alio
475 868 607 932 pratum
625 844 803 909 detorseris.
822 841 1022 919 Avidienus,

302 943 353 1007 cui
372 941 470 1006 Canis
489 964 529 1005 ex
551 962 626 1004 vero
644 939 774 1003 ductum
792 959 971 1023 cognomen
989 935 1162 1014 adhaeret,

303 1036 519 1120 quinquennes
538 1034 623 1098 oleas
642 1042 691 1097 est
708 1040 739 1095 et
758 1030 914 1095 silvestria
933 1053 1050 1107 coma,

302 1152 339 1195 ae
357 1131 418 1193 nisi
435 1138 590 1193 mutatum
608 1126 707 1212 parcit
725 1124 898 1189 defundere
916 1125 1047 1202 vinum,
1069 1135 1102 1189 et

303 1224 391 1287 cuius
410 1224 537 1287 odorem
555 1221 616 1286 olei
633 1231 771 1302 nequeas
788 1218 942 1304 perferre,
961 1257 1005 1266 —
1025 1218 1138 1284 licebit

253 1340 285 1386 oo
303 1318 354 1381 illo
372 1318 491 1402 repotia
509 1315 628 1379 natales
647 1315 765 1379 aliosve
783 1313 905 1377 dierum

303 1412 401 1475 festos
419 1411 541 1475 albatus
560 1408 696 1475 celebret
713 1447 754 1454 —
772 1429 870 1471 comu
886 1407 957 1491 ipse
975 1406 1087 1472 bilibri

303 1505 444 1569 caulibus
463 1504 607 1580 instillat,
626 1502 740 1567 veteris
758 1523 822 1565 non
839 1523 954 1585 pareus
974 1502 1070 1565 aceti.

303 1600 387 1682 quali
405 1599 500 1684 igitur
516 1598 602 1661 victu
620 1597 745 1681 sapiens
763 1595 886 1659 utetur?
903 1604 935 1659 et
952 1594 1073 1659 horum

303 1703 409 1756 utrum
426 1691 617 1757 imitabitur?
634 1691 693 1754 hac
711 1700 803 1775 urget
819 1688 928 1773 lupus,
947 1688 1009 1753 hac
1028 1690 1137 1768 canis,
1157 1691 1250 1755 aiunt.

255 1809 286 1855 os
304 1787 441 1850 mundus
461 1786 518 1849 erit
537 1809 600 1869 qua
617 1808 680 1849 non
698 1784 838 1848 offendat
855 1782 1016 1861 sordibus,
1037 1794 1138 1869 atque

303 1882 336 1944 in
354 1891 496 1944 neutram
514 1890 635 1964 partem
653 1878 755 1942 cultus
773 1878 877 1942 miser.
896 1876 948 1941 hic
967 1900 1075 1962 neque
1095 1880 1208 1957 servis,

304 1974 416 2038 Albuti
435 1974 518 2039 senis
537 1973 695 2057 exemplo,
714 1973 790 2036 dum
808 1972 914 2035 munia
931 1972 1026 2049 didit,

306 2091 418 2132 sacrus
438 2069 510 2145 erit3
529 2090 586 2131 nec
606 2068 651 2130 sic
670 2076 704 2131 ut
722 2066 857 2150 simplex
873 2066 1013 2131 Naevius
1031 2078 1168 2132 unctam

305 2163 444 2226 convivis
463 2161 625 2246 praebebit
642 2183 770 2243 aquam:
789 2160 977 2224 vitiumhoc
996 2182 1129 2245 quoque
1147 2186 1298 2248 magnum.

257 2277 288 2322 eo
307 2256 413 2340 accipe
432 2278 515 2319 nunc
533 2256 634 2319 rietus
654 2255 756 2319 tenuis
775 2277 856 2338 quae
874 2264 1054 2337 quantaque
1076 2278 1187 2321 secum

306 2350 424 2413 afferat.
443 2351 475 2412 in
492 2349 601 2434 primis
620 2349 725 2412 valeas
743 2348 837 2413 bene:
856 2372 928 2411 nam
946 2349 1052 2413 variae
1072 2372 1126 2415 res

305 2455 340 2507 ut
358 2454 491 2508 noceant
509 2443 640 2519 homini,
660 2444 783 2518 eredas,
802 2465 923 2507 memor
939 2442 1024 2507 illius
1043 2466 1156 2521 escae,

306 2561 386 2621 quae
405 2538 538 2624 simplex
556 2538 631 2602 olim
649 2538 705 2601 tibi
723 2538 851 2615 sederit3
870 2546 903 2601 at
920 2537 1014 2602 simul
1032 2538 1118 2602 assis

306 2633 468 2696 miscueris
487 2633 583 2709 elixa,
603 2632 696 2696 simul
714 2632 878 2717 conchylia
896 2632 1009 2708 turdis,

257 2747 287 2792 75
306 2727 410 2790 dulcia
428 2748 462 2790 se
479 2727 512 2790 in
530 2726 625 2808 bilem
643 2735 778 2804 vertent,
798 2725 1022 2808 stomachoque
1040 2728 1216 2792 tumultum

305 2821 389 2884 lenta
407 2822 487 2884 feret
503 2821 623 2905 pituita.
643 2822 731 2884 vides
749 2829 784 2884 ut
801 2821 936 2905 pallidus
955 2820 1057 2884 omnis

306 2938 404 2978 coena
421 2916 570 2999 desurgat
588 2914 701 2978 dubia?
719 2914 794 2997 quin
813 2937 925 2999 corpus
943 2924 1093 2978 onustum

306 3009 458 3072 hesternis
478 3009 560 3071 vitiis
580 3009 718 3071 animum
736 3030 862 3091 quoque
879 3018 1066 3094 praegravat
1083 3032 1165 3086 una,

306 3114 398 3184 atque
417 3102 526 3186 adfigit
543 3102 639 3165 humo
658 3102 781 3166 divinae
799 3101 983 3186 particulam
1001 3124 1106 3165 aurae.

255 3215 287 3262 80
306 3196 396 3272 alter,
415 3195 470 3259 ubi
488 3195 571 3259 dicto
590 3195 681 3259 eitius
700 3206 807 3260 curata
826 3196 929 3280 sopori

306 3289 446 3353 membra
464 3290 562 3367 dedit,
582 3299 713 3375 vegetus
732 3292 924 3375 praescripta
940 3290 981 3353 ad
998 3290 1107 3353 munia
1127 3293 1238 3376 surgit.

305 3384 357 3446 hio
375 3394 479 3447 tamen
498 3385 537 3447 ad
556 3383 667 3448 melius
685 3385 798 3468 poterit
816 3394 1024 3448 transcurrere
1043 3386 1205 3466 quondam
1211 3410 1221 3462 3

306 3478 372 3541 sive
391 3478 473 3540 diem
493 3478 608 3541 festum
627 3479 749 3542 rediens
769 3477 929 3542 advexerit
946 3501 1061 3553 annus,

306 3594 363 3634 seu
380 3594 519 3635 recreare
539 3573 621 3636 volet
639 3582 800 3636 tenuatum
820 3595 947 3657 corpus,
966 3571 1083 3654 ubique

254 3683 287 3732 85
306 3665 455 3727 accedent
473 3666 560 3741 anni,
580 3675 611 3729 et
628 3666 753 3729 tractari
770 3666 895 3729 mollius
914 3675 999 3729 aetas

305 3758 460 3825 imbecilla
478 3760 570 3823 volet.
590 3759 647 3823 tibi
664 3761 814 3844 quidnam
832 3760 959 3823 accedet
977 3760 1016 3822 ad
1035 3759 1143 3835 istam,

293 3860 400 3934 'quam
417 3876 495 3937 puer
513 3863 544 3916 et
561 3854 683 3917 validus
701 3855 890 3938 praesumis,
908 3854 1084 3930 mollitiem,
1105 3877 1162 3918 seu

306 3947 383 4010 dura
400 3947 546 4010 valetudo
564 3946 719 4022 inciderit,
739 3969 795 4011 seu
813 3948 902 4010 tarda
920 3947 1083 4010 senectus?

305 4041 467 4103 rancidum
486 4064 596 4124 aprum
614 4042 733 4123 antiqui
750 4040 935 4118 laudabant,
954 4064 1017 4105 non
1036 4041 1110 4123 quia
1127 4064 1224 4104 nasus

256 4153 288 4201 90
305 4135 365 4198 illis
384 4136 488 4198 nullus
508 4145 581 4209 erat,
601 4136 670 4211 sed,
690 4136 797 4211 credo,
817 4136 876 4200 hac
894 4145 1011 4211 mente,
1031 4135 1116 4217 quod
1134 4135 1251 4219 hospes

306 4229 423 4292 tardius
442 4229 610 4292 adveniens
630 4229 772 4293 vitiatum
790 4230 983 4294 commodius
1001 4252 1096 4312 quam

305 4320 461 4405 integrum
479 4323 560 4385 edax
577 4322 722 4387 dominus
741 4333 946 4388 consumeret.
966 4324 1023 4388 hos
1043 4322 1161 4386 utinam
1181 4322 1261 4385 inter

305 4411 417 4476 heroas
435 4424 544 4477 natum
562 4416 653 4478 tellus
672 4438 722 4480 mc
740 4417 841 4501 prima
859 4416 995 4483 tulissetl
