3225 5442
335 698 397 764 162
657 708 691 776 Q.
709 706 871 764 HORATII
888 707 1038 765 FLAOCI

334 868 557 955 unguentarius
575 888 612 931 ac
630 865 728 931 Tusci
746 864 838 930 turba
855 865 954 950 impia
971 866 1050 945 vici,

332 986 404 1027 cum
423 962 537 1027 scunis
554 960 660 1036 sartor,
679 982 751 1024 cum
768 957 906 1023 Velabro
923 981 1022 1024 omne
1041 962 1214 1027 macellum

264 1077 314 1127 230
332 1081 423 1123 mane
441 1058 568 1121 domum
586 1057 722 1120 veniant.
749 1055 825 1138 quid
842 1054 930 1118 tum?
955 1077 1079 1137 venere
1097 1058 1283 1142 frequentes,

331 1153 427 1217 verba
444 1151 519 1216 facit
536 1152 621 1215 leno:
643 1149 794 1233 quidquid
812 1148 897 1225 mihi,
917 1149 1081 1232 quidquid
1099 1153 1259 1220 ethorum

331 1246 442 1328 cuique
460 1245 545 1309 domi
563 1254 620 1320 est,
639 1244 673 1307 id
690 1244 780 1307 crede
798 1253 896 1317 tuum,
916 1252 948 1306 et
965 1244 1021 1307 vel
1040 1268 1129 1312 nunc
1141 1259 1216 1333 pete
1228 1250 1274 1315 vel
1286 1272 1345 1315 cras.

330 1340 446 1424 accipe,
465 1339 541 1421 quid
560 1348 667 1401 contra
683 1337 804 1401 iuvenis
822 1337 1021 1421 responderit
1041 1362 1184 1423 aequus:

329 1434 363 1497 in
379 1434 451 1497 nire
468 1434 602 1497 Lucana
619 1432 735 1497 dormis
753 1440 905 1507 ocreatus,
924 1442 961 1496 ut
978 1455 1099 1518 aprum

261 1545 312 1593 235
330 1549 458 1591 coenem
476 1548 550 1611 ego:
573 1536 607 1590 tu
624 1526 728 1610 pisces
745 1524 875 1589 hiberno
894 1547 934 1589 ex
953 1548 1099 1609 aequore
1118 1532 1231 1597 verris.

330 1621 436 1707 segnis
454 1642 514 1705 ego
531 1619 677 1705 indignus
695 1618 750 1701 qui
766 1628 887 1683 tantum
903 1620 1111 1703 possideam:
1134 1625 1241 1690 auferl

329 1736 418 1778 sume
437 1713 492 1777 tibi
509 1713 628 1790 decies3
646 1712 703 1776 tibi
721 1712 927 1788 tantumdem3
948 1712 1007 1777 tibi
1026 1715 1158 1800 triplex,

328 1808 412 1870 unde
430 1829 509 1870 uxor
525 1806 628 1869 media
645 1806 740 1870 currit
756 1806 796 1869 dc
813 1814 903 1869 nocte
920 1815 1048 1872 vocata.

328 1900 411 1964 filius
429 1899 550 1985 Aesopi
567 1900 737 1963 detractam
755 1921 795 1962 ex
812 1920 887 1963 aure
904 1896 1070 1977 Metellae,

259 2014 311 2061 240
329 1994 447 2058 scilicet
463 2003 500 2057 ut
516 1993 620 2057 decies
639 1993 773 2058 solidum
791 1991 983 2069 absorberet,
1002 2006 1100 2062 aceto

327 2088 418 2151 diluit
435 2088 589 2173 insignem
608 2085 732 2151 bacam:
755 2086 810 2169 qui
827 2086 939 2163 sanior,
958 2089 1046 2153 acsi

327 2182 404 2245 illud
422 2182 505 2244 idem
523 2181 555 2244 in
573 2181 716 2265 rapidum
734 2180 850 2244 flumen
867 2180 1022 2245 iaceretve
1041 2182 1212 2251 cloacam?

328 2274 439 2356 Quinti
456 2274 622 2360 progenies
639 2273 724 2350 Arri,
742 2296 800 2358 par
817 2273 920 2338 nobile
937 2273 1086 2354 fratrum,

328 2368 466 2451 nequitia
483 2378 514 2431 et
531 2368 635 2453 nugis,
653 2390 821 2453 pravorum
839 2377 870 2431 et
887 2389 993 2431 amore
1011 2372 1203 2454 gemellum,

260 2483 309 2530 245
327 2462 476 2526 luscinias
495 2462 578 2526 soliti
594 2462 737 2546 impenso
754 2461 907 2546 prandere
925 2472 1078 2528 coemtas.

327 2578 478 2639 quorsum
495 2555 627 2619 abeant?
653 2555 725 2620 sani-
739 2566 773 2619 ut
791 2564 875 2619 creta
892 2578 933 2618 an
950 2554 1091 2621 carbone
1110 2562 1263 2627 notandi?

327 2648 490 2712 aedificare
509 2671 608 2725 casas,
626 2647 770 2733 plostello
788 2649 958 2733 adiungere
975 2671 1097 2728 mures,

326 2742 433 2805 ludere
451 2765 508 2826 par
525 2742 635 2826 impar,
654 2742 794 2826 equitare
810 2742 844 2805 in
861 2742 1011 2806 arundine
1028 2742 1142 2831 longa,

327 2836 354 2901 si
371 2857 465 2918 quem
483 2835 616 2899 delectet
632 2835 806 2912 barbatum,
826 2835 961 2899 amentia
977 2847 1095 2902 verset.

258 2950 308 2997 250
327 2930 354 2993 si
371 2929 520 3014 puerilius
538 2929 587 2993 his
605 2930 683 2993 ratio
700 2951 771 2994 esse
789 2929 911 2993 evincet
928 2950 1044 3008 amare,

325 3045 383 3086 nec
401 3022 572 3105 quidquam
590 3022 724 3100 differre,
742 3032 887 3087 utrumne
904 3023 938 3085 in
955 3022 1097 3106 pulvere,
1118 3028 1233 3093 trimus

325 3114 416 3198 quale
434 3115 531 3199 prius,
549 3115 640 3179 ludas
659 3138 748 3200 opus,
767 3140 809 3179 an
826 3116 995 3180 meretricis
1014 3139 1126 3183 amore

325 3208 476 3273 sollicitus
494 3208 613 3292 plores3
636 3232 761 3292 quaero,
781 3210 920 3274 faciasne
938 3209 1024 3292 quod
1042 3210 1120 3275 olim

324 3312 461 3368 mutatus
479 3301 629 3367 Polemo?
650 3326 748 3387 ponas
766 3304 902 3389 insignia
918 3304 1029 3381 morbi,

256 3417 306 3465 255
324 3395 481 3473 fasciolas,
501 3396 627 3473 cubital,
647 3398 770 3474 focalia,
788 3410 882 3482 potus
899 3407 935 3461 ut
952 3398 1004 3462 ille

323 3490 436 3554 dicitur
454 3512 493 3553 ex
511 3489 591 3553 collo
609 3491 718 3555 furtim
736 3492 891 3577 carpsisse
909 3514 1050 3569 coronas,

322 3594 489 3668 postquam
508 3595 555 3647 est
571 3584 723 3669 impransi
741 3595 901 3670 correptus
919 3607 997 3650 voce
1014 3587 1182 3673 magistri?

322 3677 454 3762 porrigis
473 3677 551 3741 irato
568 3699 666 3762 puero
684 3702 781 3762 quum
798 3702 902 3764 poma,
920 3690 1058 3745 recusat:

323 3793 421 3848 sume,
441 3771 563 3849 catelle3
587 3784 694 3858 negat:
718 3774 745 3837 si
763 3796 827 3837 non
844 3774 910 3851 des,
929 3784 1028 3859 optet:
1052 3786 1178 3841 amator
1272 3802 1277 3810 ·

176 3902 178 3904 ·
255 3883 304 3931 aco
323 3865 468 3929 exclusus
487 3866 541 3947 qui
559 3865 663 3944 distat,
682 3867 748 3952 agit
766 3867 821 3931 ubi
839 3889 955 3946 secum,
974 3877 1025 3933 eat
1042 3861 1084 3932 au
1102 3891 1179 3947 non,

322 3980 384 4040 quo
402 3958 557 4023 rediturus
577 3969 643 4024 erat
659 3983 724 4024 non
741 3961 919 4039 arcessitus,
939 3971 971 4025 et
987 3961 1096 4028 haeret

321 4052 430 4117 invisis
449 4052 589 4117 foribus?
611 4076 650 4117 ne
668 4077 762 4132 nunc,
781 4078 879 4138 quum
896 4078 947 4120 me
965 4065 1058 4121 vocat
1074 4055 1169 4133 ultro,

322 4147 488 4210 accedam?
510 4170 551 4211 an
567 4147 671 4232 potius
689 4149 821 4213 mediter
838 4149 927 4214 finire
945 4149 1089 4215 dolores?

322 4241 467 4319 exclusit3
489 4252 629 4306 revocat:
647 4243 792 4307 redeam?
814 4267 886 4322 non,
906 4245 933 4309 si
951 4244 1103 4310 obsecret.
1127 4265 1203 4309 eece

254 4351 303 4399 265
322 4356 430 4398 servus
449 4356 511 4396 non
528 4335 634 4419 paullo
654 4337 837 4420 sapientior:
860 4360 879 4402 o
897 4338 981 4415 here,
999 4360 1148 4421 quaeres

321 4448 379 4490 nec
396 4427 524 4489 modum
542 4427 638 4493 habet
654 4452 756 4513 neque
774 4432 950 4510 consilium,
968 4432 1088 4496 ratione
1107 4431 1267 4516 modoque
