3225 5442
318 671 379 739 152
645 683 680 749 Q.
693 680 861 739 HORATII
873 680 1027 739 FLACCI

315 844 405 908 duxit
422 842 462 907 ab
480 863 631 928 oppressa
647 839 793 905 meritum
813 836 1014 927 Carthagine
1033 865 1163 921 nomen,

315 937 442 1024 ingenio
460 936 592 1001 offensi?
609 944 664 999 aut
679 934 767 999 laeso
784 934 914 999 doluere
931 934 1083 1014 Metello,

316 1031 509 1114 famosisque
527 1030 623 1114 Lupo
641 1037 788 1114 cooperto
805 1028 972 1093 versibus?
990 1033 1085 1114 atqui

316 1126 468 1211 primores
486 1124 594 1209 populi
612 1122 742 1207 arripuit
757 1122 974 1207 populumque
995 1125 1156 1204 tributim,

267 1243 299 1289 zo
318 1219 437 1284 scilicet
452 1218 508 1281 uni
525 1238 645 1299 aequus
662 1215 769 1280 virtuti
786 1225 880 1299 atque
898 1216 968 1283 eius
988 1219 1118 1285 amicis.

317 1305 393 1389 quin
412 1302 465 1367 ubi
485 1326 519 1367 sc
537 1326 556 1366 a
573 1302 670 1387 vulgo
687 1311 719 1365 et
736 1323 831 1365 saona
848 1301 882 1364 in
899 1312 1026 1367 secreta
1044 1315 1209 1371 remorant

316 1400 416 1462 virtus
437 1396 604 1482 Scipiadae
622 1406 654 1460 et
671 1396 755 1460 mitis
774 1396 928 1480 sapientia
944 1397 1056 1475 Laeli,

317 1491 430 1578 nugari
448 1513 520 1555 cum
538 1490 592 1554 illo
610 1499 642 1554 et
659 1489 803 1554 discincti
819 1490 943 1567 ludere,
962 1492 1070 1557 donec

319 1587 544 1669 decoqueretur
561 1584 646 1662 olus,
665 1583 757 1649 soliti
776 1584 929 1667 quidquid
948 1607 1023 1649 sum
1043 1609 1123 1673 ego,
1144 1590 1285 1673 quamvis

267 1703 300 1749 ⁷5
318 1679 401 1745 infra
418 1680 525 1744 Lucili
542 1701 673 1743 censum
689 1678 927 1764 ingeniumque,
948 1689 1061 1745 tamen
1079 1705 1133 1747 me

318 1796 390 1837 cum
411 1773 534 1859 magnis
553 1773 670 1837 vixisse
688 1772 786 1836 invita
802 1771 953 1836 fatebitur
969 1795 1079 1857 usque

317 1867 449 1943 invidia,
469 1876 500 1931 et
518 1866 622 1951 fragili
640 1888 793 1950 quaerens
811 1866 930 1930 illidere
948 1867 1082 1932 dentem

318 1960 457 2024 offendet
475 1960 590 2026 solido:
612 1960 673 2025 nisi
691 1960 768 2045 quid
785 1969 833 2037 tu,
852 1961 942 2025 docte
961 1960 1110 2042 Trebati,
1355 2022 1360 2030 .

318 2054 477 2119 dissentis.
498 2094 539 2102 —
558 2055 704 2139 equidem
722 2054 801 2118 nihil
817 2054 890 2119 hinc
907 2054 1080 2122 diffindere
1098 2082 1250 2143 possum3

267 2166 301 2215 80
319 2147 376 2213 sed
393 2158 499 2211 tamen
516 2157 552 2212 ut
568 2148 704 2213 monitus
723 2170 850 2226 caveas,
868 2170 908 2212 ne
925 2148 1007 2213 forte
1024 2153 1141 2237 negoti

263 2276 266 2283 ·
318 2242 449 2306 incutiat
467 2242 523 2306 tibi
541 2242 617 2326 quid
635 2252 814 2307 sanctarum
830 2242 954 2307 inscitia
970 2243 1099 2329 legum:

319 2335 347 2399 si
365 2335 447 2400 mala
466 2336 639 2400 condiderit
656 2336 689 2402 in
706 2358 800 2420 quem
819 2336 889 2420 quis
908 2338 1063 2415 carmina,
1084 2339 1137 2404 ius
1156 2350 1223 2405 est-

318 2428 540 2513 iudiciumque.
560 2468 602 2476 -
620 2442 703 2507 esto,
722 2431 750 2496 si
767 2431 838 2515 quis
855 2430 951 2509 mala3
970 2431 1029 2495 sed
1045 2432 1138 2499 bona
1156 2436 1186 2500 si
1204 2437 1275 2520 quis

318 2521 421 2585 iudice
439 2523 613 2587 condiderit
629 2523 774 2589 laudatus
794 2524 950 2592 Caesare?
967 2525 995 2589 si
1013 2526 1088 2608 quis

268 2634 301 2684 85
320 2616 496 2701 opprobriis
515 2618 646 2703 dignum
664 2618 835 2696 latraverit,
853 2619 974 2705 integer
991 2619 1084 2705 ipse?
1100 2661 1144 2669 —

321 2711 480 2775 solventur
496 2711 563 2776 risu
581 2711 705 2778 tabulae
711 2737 720 2791 3
738 2722 773 2778 tu
789 2713 905 2778 missus
924 2711 1036 2779 abibis.

711 2956 893 3018 SATIRA
914 2957 960 3015 ΙΙ.

321 3084 412 3167 Quae
431 3086 530 3152 virtus
549 3096 581 3151 et
598 3097 727 3172 quanta,
745 3087 834 3167 boni,
854 3089 894 3153 sit
910 3089 1015 3155 vivere
1033 3112 1148 3175 parva,
1169 3133 1211 3140 -

319 3202 377 3243 ncc
395 3203 484 3245 meus
502 3181 554 3245 hic
572 3204 674 3246 sermo
692 3192 754 3260 est,
773 3182 831 3247 sed
847 3204 940 3267 quem
957 3186 1120 3271 praecepit
1141 3186 1273 3254 Ofellus

319 3275 470 3353 rusticus,
490 3276 648 3341 abnormis
668 3277 792 3361 sapiens
811 3300 978 3362 crassaque
996 3277 1148 3345 Minerva
1167 3322 1210 3330 -

320 3370 445 3447 discite,
464 3393 528 3435 non
545 3370 625 3435 inter
641 3371 748 3436 lances
766 3394 953 3455 mensasque
971 3372 1116 3450 nitentes,

286 3486 301 3530 5
319 3485 417 3545 quum
435 3473 539 3549 stupet
556 3465 674 3529 insanis
693 3466 776 3530 acies
794 3465 969 3552 fulgoribus
988 3476 1019 3530 et
1036 3489 1137 3551 quum

319 3558 446 3622 acclinis
464 3558 553 3623 falsis
572 3559 694 3624 animus
713 3561 842 3625 meliora
858 3570 991 3638 recusat,

319 3674 428 3715 verum
446 3653 497 3717 hic
515 3652 665 3738 impransi
683 3676 806 3718 mecum
825 3655 996 3737 disquirite.
1016 3678 1071 3719 cur
1090 3657 1173 3721 hoc?

319 3746 435 3822 (licam,
455 3747 483 3810 si
499 3756 617 3831 potero.
637 3748 717 3811 male
736 3770 845 3812 verum
863 3749 1021 3813 examinat
1039 3750 1141 3815 omnis

319 3850 483 3924 corruptus
500 3842 605 3905 iudex.
623 3842 763 3926 leporem
781 3852 917 3907 sectatus
937 3866 1056 3927 equove

270 3952 301 3999 lo
319 3933 421 3998 lassus
441 3934 480 3999 ab
498 3935 649 4000 indomito
667 3937 717 4000 vel
735 3975 776 4012 ,-
795 3937 823 4001 si
840 3937 984 4001 Romana
1000 3938 1114 4023 fatigat

319 4027 429 4092 militia
446 4030 611 4093 adsuetum
628 4031 781 4116 graecari,
801 4053 859 4095 seu
875 4030 940 4116 pila
956 4031 1059 4108 velox,

318 4123 453 4188 molliter
470 4134 629 4188 austerum
648 4125 751 4189 studio
769 4124 897 4189 fallente
914 4124 1063 4202 laborem,

319 4239 376 4281 seu
394 4226 424 4281 te
442 4218 547 4283 discus
566 4219 645 4305 agit3
662 4229 734 4304 pete
753 4220 914 4283 cedentem
932 4242 1006 4285 aera
1022 4219 1110 4284 disco
1130 4258 1171 4266 —

319 4331 416 4393 quum
432 4312 521 4376 labor
538 4314 694 4377 extuderit
710 4314 851 4391 fastidia3
871 4314 987 4392 siccus,
1005 4313 1106 4381 inanis

271 4417 301 4464 15
319 4425 431 4486 apeme
448 4406 553 4470 cibum
571 4408 680 4488 vilem3
698 4408 759 4473 nisi
776 4408 942 4494 Hymettia
959 4408 1052 4473 mella
1069 4406 1207 4473 Falerno
