<?xml version="1.0" encoding="UTF-8"?>
<!DOCTYPE html PUBLIC "-//W3C//DTD XHTML 1.0 Transitional//EN"
    "http://www.w3.org/TR/xhtml1/DTD/xhtml1-transitional.dtd">
<html xmlns="http://www.w3.org/1999/xhtml" xml:lang="en" lang="en">
 <head>
  <title>
</title>
<meta http-equiv="Content-Type" content="text/html;charset=utf-8" />
  <meta name='ocr-system' content='tesseract 3.04.00' />
  <meta name='ocr-capabilities' content='ocr_page ocr_carea ocr_par ocr_line ocrx_word'/>
</head>
<body>
  <div class='ocr_page' id='page_1' title='image "./qhoratiiflaccio00stalgoog/qhoratiiflaccio00stalgoog_0283.png"; bbox 0 0 3225 5442; ppageno 0'>
   <div class='ocr_carea' id='block_1_1' title="bbox 505 738 905 796">
    <p class='ocr_par' dir='ltr' id='par_1_1' title="bbox 505 738 905 796">
     <span class='ocr_line' id='line_1_1' title="bbox 505 738 905 796; baseline -0.003 -2"><span class='ocrx_word' id='word_1_1' title='bbox 505 738 781 796; x_wconf 78' lang='lat' dir='ltr'><strong>EPISTOLARUM</strong></span> <span class='ocrx_word' id='word_1_2' title='bbox 798 739 872 793; x_wconf 90' lang='lat' dir='ltr'><strong>LIB.</strong></span> <span class='ocrx_word' id='word_1_3' title='bbox 883 739 905 793; x_wconf 93' lang='lat' dir='ltr'><strong>I.</strong></span> 
     </span>
    </p>
   </div>
   <div class='ocr_carea' id='block_1_2' title="bbox 191 895 1058 2386">
    <p class='ocr_par' dir='ltr' id='par_1_2' title="bbox 191 895 1019 1922">
     <span class='ocr_line' id='line_1_2' title="bbox 195 895 938 983; baseline -0.011 -16"><span class='ocrx_word' id='word_1_4' title='bbox 195 924 231 968; x_wconf 92' lang='lat' dir='ltr'><strong>ne</strong></span> <span class='ocrx_word' id='word_1_5' title='bbox 250 899 354 966; x_wconf 90' lang='lat' dir='ltr'><strong>studio</strong></span> <span class='ocrx_word' id='word_1_6' title='bbox 372 897 470 963; x_wconf 81' lang='lat' dir='ltr'><strong>nostri</strong></span> <span class='ocrx_word' id='word_1_7' title='bbox 487 918 619 983; x_wconf 79' lang='lat' dir='ltr'><strong>pecces,</strong></span> <span class='ocrx_word' id='word_1_8' title='bbox 637 896 806 980; x_wconf 91' lang='lat' dir='ltr'><strong>odiumque</strong></span> <span class='ocrx_word' id='word_1_9' title='bbox 824 895 938 960; x_wconf 83' lang='lat' dir='ltr'><strong>libellis</strong></span> 
     </span>
     <span class='ocr_line' id='line_1_3' title="bbox 194 989 987 1079; baseline -0.01 -18"><span class='ocrx_word' id='word_1_10' title='bbox 194 995 320 1061; x_wconf 89' lang='lat' dir='ltr'><strong>sedulus</strong></span> <span class='ocrx_word' id='word_1_11' title='bbox 338 994 501 1079; x_wconf 79' lang='lat' dir='ltr'>importes,</span> <span class='ocrx_word' id='word_1_12' title='bbox 520 1011 616 1077; x_wconf 90' lang='lat' dir='ltr'><strong>opera</strong></span> <span class='ocrx_word' id='word_1_13' title='bbox 633 990 818 1055; x_wconf 81' lang='lat' dir='ltr'><strong>vehemente</strong></span> <span class='ocrx_word' id='word_1_14' title='bbox 836 989 987 1053; x_wconf 85' lang='lat' dir='ltr'><strong>minister.</strong></span> 
     </span>
     <span class='ocr_line' id='line_1_4' title="bbox 193 1083 975 1171; baseline -0.009 -17"><span class='ocrx_word' id='word_1_15' title='bbox 193 1089 220 1155; x_wconf 91' lang='lat' dir='ltr'><strong>si</strong></span> <span class='ocrx_word' id='word_1_16' title='bbox 237 1098 268 1153; x_wconf 90' lang='lat' dir='ltr'><strong>te</strong></span> <span class='ocrx_word' id='word_1_17' title='bbox 285 1088 367 1152; x_wconf 79' lang='lat' dir='ltr'><strong>forte</strong></span> <span class='ocrx_word' id='word_1_18' title='bbox 385 1107 473 1151; x_wconf 89' lang='lat' dir='ltr'><strong>meae</strong></span> <span class='ocrx_word' id='word_1_19' title='bbox 490 1084 597 1171; x_wconf 80' lang='lat' dir='ltr'><strong>gravis</strong></span> <span class='ocrx_word' id='word_1_20' title='bbox 615 1094 684 1149; x_wconf 91' lang='lat' dir='ltr'><strong>uret</strong></span> <span class='ocrx_word' id='word_1_21' title='bbox 701 1083 827 1149; x_wconf 74' lang='lat' dir='ltr'><strong>sarcina</strong></span> <span class='ocrx_word' id='word_1_22' title='bbox 841 1083 975 1160; x_wconf 88' lang='lat' dir='ltr'><strong>chartae,</strong></span> 
     </span>
     <span class='ocr_line' id='line_1_5' title="bbox 193 1177 946 1265; baseline -0.005 -19"><span class='ocrx_word' id='word_1_23' title='bbox 193 1182 317 1247; x_wconf 88' lang='lat' dir='ltr'><strong>abiicito</strong></span> <span class='ocrx_word' id='word_1_24' title='bbox 334 1180 439 1265; x_wconf 90' lang='lat' dir='ltr'><strong>potius</strong></span> <span class='ocrx_word' id='word_1_25' title='bbox 457 1201 566 1263; x_wconf 89' lang='lat' dir='ltr'><strong>quam,</strong></span> <span class='ocrx_word' id='word_1_26' title='bbox 585 1199 648 1262; x_wconf 91' lang='lat' dir='ltr'><strong>quo</strong></span> <span class='ocrx_word' id='word_1_27' title='bbox 664 1178 801 1265; x_wconf 86' lang='lat' dir='ltr'><strong>perferre</strong></span> <span class='ocrx_word' id='word_1_28' title='bbox 819 1177 946 1253; x_wconf 90' lang='lat' dir='ltr'><strong>iuberis,</strong></span> 
     </span>
     <span class='ocr_line' id='line_1_6' title="bbox 192 1270 982 1359; baseline -0.009 -18"><span class='ocrx_word' id='word_1_29' title='bbox 192 1275 322 1341; x_wconf 87' lang='lat' dir='ltr'><strong>clitellas</strong></span> <span class='ocrx_word' id='word_1_30' title='bbox 340 1275 425 1339; x_wconf 81' lang='lat' dir='ltr'><strong>ferus</strong></span> <span class='ocrx_word' id='word_1_31' title='bbox 442 1272 599 1359; x_wconf 78' lang='lat' dir='ltr'>impingas</span> <span class='ocrx_word' id='word_1_32' title='bbox 617 1270 800 1355; x_wconf 82' lang='lat' dir='ltr'><strong>Asinaeque</strong></span> <span class='ocrx_word' id='word_1_33' title='bbox 817 1282 982 1357; x_wconf 89' lang='lat' dir='ltr'><strong>paternum</strong></span> 
     </span>
     <span class='ocr_line' id='line_1_7' title="bbox 192 1365 912 1457; baseline -0.008 -22"><span class='ocrx_word' id='word_1_34' title='bbox 192 1392 366 1457; x_wconf 78' lang='lat' dir='ltr'><strong>cognomen</strong></span> <span class='ocrx_word' id='word_1_35' title='bbox 384 1377 487 1433; x_wconf 89' lang='lat' dir='ltr'><strong>vertas</strong></span> <span class='ocrx_word' id='word_1_36' title='bbox 505 1367 653 1431; x_wconf 90' lang='lat' dir='ltr'><strong>inrisum</strong></span> <span class='ocrx_word' id='word_1_37' title='bbox 671 1376 703 1431; x_wconf 89' lang='lat' dir='ltr'><strong>et</strong></span> <span class='ocrx_word' id='word_1_38' title='bbox 719 1366 827 1430; x_wconf 88' lang='lat' dir='ltr'><strong>fabula</strong></span> <span class='ocrx_word' id='word_1_39' title='bbox 845 1365 912 1430; x_wconf 88' lang='lat' dir='ltr'><strong>fias.</strong></span> 
     </span>
     <span class='ocr_line' id='line_1_8' title="bbox 193 1459 922 1546; baseline -0.007 -18"><span class='ocrx_word' id='word_1_40' title='bbox 193 1464 311 1529; x_wconf 87' lang='lat' dir='ltr'><strong>viribus</strong></span> <span class='ocrx_word' id='word_1_41' title='bbox 330 1462 425 1527; x_wconf 89' lang='lat' dir='ltr'><strong>uteris</strong></span> <span class='ocrx_word' id='word_1_42' title='bbox 443 1483 499 1546; x_wconf 92' lang='lat' dir='ltr'><strong>per</strong></span> <span class='ocrx_word' id='word_1_43' title='bbox 516 1460 629 1538; x_wconf 89' lang='lat' dir='ltr'><strong>clivos,</strong></span> <span class='ocrx_word' id='word_1_44' title='bbox 647 1459 789 1536; x_wconf 87' lang='lat' dir='ltr'><strong>flumina,</strong></span> <span class='ocrx_word' id='word_1_45' title='bbox 808 1459 922 1537; x_wconf 85' lang='lat' dir='ltr'><strong>lamas3</strong></span> 
     </span>
     <span class='ocr_line' id='line_1_9' title="bbox 192 1553 964 1641; baseline -0.009 -19"><span class='ocrx_word' id='word_1_46' title='bbox 192 1558 292 1622; x_wconf 90' lang='lat' dir='ltr'><strong>victor</strong></span> <span class='ocrx_word' id='word_1_47' title='bbox 307 1555 458 1641; x_wconf 84' lang='lat' dir='ltr'><strong>propositi</strong></span> <span class='ocrx_word' id='word_1_48' title='bbox 477 1553 569 1618; x_wconf 90' lang='lat' dir='ltr'><strong>simul</strong></span> <span class='ocrx_word' id='word_1_49' title='bbox 587 1575 625 1618; x_wconf 90' lang='lat' dir='ltr'><strong>ac</strong></span> <span class='ocrx_word' id='word_1_50' title='bbox 641 1553 820 1638; x_wconf 85' lang='lat' dir='ltr'><strong>perveneris</strong></span> <span class='ocrx_word' id='word_1_51' title='bbox 838 1553 922 1629; x_wconf 90' lang='lat' dir='ltr'><strong>illue,</strong></span> <span class='ocrx_word' id='word_1_52' title='bbox 960 1569 964 1577; x_wconf 89' lang='lat'>·</span> 
     </span>
     <span class='ocr_line' id='line_1_10' title="bbox 193 1645 967 1735; baseline -0.01 -19"><span class='ocrx_word' id='word_1_53' title='bbox 193 1652 239 1717; x_wconf 93' lang='lat' dir='ltr'><strong>sic</strong></span> <span class='ocrx_word' id='word_1_54' title='bbox 256 1650 394 1735; x_wconf 88' lang='lat' dir='ltr'><strong>pesitum</strong></span> <span class='ocrx_word' id='word_1_55' title='bbox 412 1646 551 1713; x_wconf 90' lang='lat' dir='ltr'><strong>servabis</strong></span> <span class='ocrx_word' id='word_1_56' title='bbox 570 1669 664 1724; x_wconf 91' lang='lat' dir='ltr'><strong>onus,</strong></span> <span class='ocrx_word' id='word_1_57' title='bbox 683 1646 820 1711; x_wconf 84' lang='lat' dir='ltr'><strong>neforto</strong></span> <span class='ocrx_word' id='word_1_58' title='bbox 839 1645 898 1710; x_wconf 92' lang='lat' dir='ltr'><strong>sub</strong></span> <span class='ocrx_word' id='word_1_59' title='bbox 916 1645 967 1709; x_wconf 87' lang='lat' dir='ltr'><strong>ala</strong></span> 
     </span>
     <span class='ocr_line' id='line_1_11' title="bbox 192 1739 1019 1827; baseline -0.011 -17"><span class='ocrx_word' id='word_1_60' title='bbox 192 1743 378 1810; x_wconf 88' lang='lat' dir='ltr'><strong>fasciculum</strong></span> <span class='ocrx_word' id='word_1_61' title='bbox 396 1751 501 1827; x_wconf 88' lang='lat' dir='ltr'><strong>portes</strong></span> <span class='ocrx_word' id='word_1_62' title='bbox 519 1739 669 1805; x_wconf 91' lang='lat' dir='ltr'><strong>librorum</strong></span> <span class='ocrx_word' id='word_1_63' title='bbox 687 1749 723 1803; x_wconf 89' lang='lat' dir='ltr'><strong>ut</strong></span> <span class='ocrx_word' id='word_1_64' title='bbox 738 1739 874 1805; x_wconf 85' lang='lat' dir='ltr'><strong>rusticus</strong></span> <span class='ocrx_word' id='word_1_65' title='bbox 892 1761 1019 1824; x_wconf 83' lang='lat' dir='ltr'><strong>agnum,</strong></span> 
     </span>
     <span class='ocr_line' id='line_1_12' title="bbox 191 1832 916 1922; baseline -0.007 -20"><span class='ocrx_word' id='word_1_66' title='bbox 191 1848 228 1902; x_wconf 91' lang='lat' dir='ltr'><strong>ut</strong></span> <span class='ocrx_word' id='word_1_67' title='bbox 245 1838 355 1901; x_wconf 90' lang='lat' dir='ltr'><strong>vinosa</strong></span> <span class='ocrx_word' id='word_1_68' title='bbox 372 1836 496 1922; x_wconf 86' lang='lat' dir='ltr'><strong>glomus</strong></span> <span class='ocrx_word' id='word_1_69' title='bbox 514 1833 648 1899; x_wconf 81' lang='lat' dir='ltr'><strong>furtivae</strong></span> <span class='ocrx_word' id='word_1_70' title='bbox 665 1833 799 1919; x_wconf 83' lang='lat' dir='ltr'><strong>Pyrrhia</strong></span> <span class='ocrx_word' id='word_1_71' title='bbox 816 1832 916 1909; x_wconf 85' lang='lat' dir='ltr'><strong>lanae,</strong></span> 
     </span>
    </p>

    <p class='ocr_par' dir='ltr' id='par_1_3' title="bbox 191 1926 870 2016">
     <span class='ocr_line' id='line_1_13' title="bbox 191 1926 870 2016; baseline -0.007 -21"><span class='ocrx_word' id='word_1_72' title='bbox 191 1941 228 1995; x_wconf 91' lang='lat' dir='ltr'><strong>ut</strong></span> <span class='ocrx_word' id='word_1_73' title='bbox 245 1953 317 1995; x_wconf 91' lang='lat' dir='ltr'><strong>cum</strong></span> <span class='ocrx_word' id='word_1_74' title='bbox 334 1929 448 2016; x_wconf 92' lang='lat' dir='ltr'><strong>pileolo</strong></span> <span class='ocrx_word' id='word_1_75' title='bbox 467 1928 568 1994; x_wconf 90' lang='lat' dir='ltr'><strong>soleas</strong></span> <span class='ocrx_word' id='word_1_76' title='bbox 587 1928 720 1993; x_wconf 90' lang='lat' dir='ltr'><strong>conviva</strong></span> <span class='ocrx_word' id='word_1_77' title='bbox 737 1926 870 1991; x_wconf 88' lang='lat' dir='ltr'><strong>tribulis.</strong></span> 
     </span>
    </p>

    <p class='ocr_par' dir='ltr' id='par_1_4' title="bbox 191 2019 1058 2386">
     <span class='ocr_line' id='line_1_14' title="bbox 191 2019 868 2109; baseline -0.012 -19"><span class='ocrx_word' id='word_1_78' title='bbox 191 2048 251 2090; x_wconf 91' lang='lat' dir='ltr'><strong>nec</strong></span> <span class='ocrx_word' id='word_1_79' title='bbox 267 2023 364 2109; x_wconf 87' lang='lat' dir='ltr'><strong>vulgo</strong></span> <span class='ocrx_word' id='word_1_80' title='bbox 382 2044 489 2087; x_wconf 89' lang='lat' dir='ltr'><strong>narres</strong></span> <span class='ocrx_word' id='word_1_81' title='bbox 508 2032 538 2086; x_wconf 93' lang='lat' dir='ltr'><strong>te</strong></span> <span class='ocrx_word' id='word_1_82' title='bbox 556 2021 721 2087; x_wconf 76' lang='lat' dir='ltr'><strong>sudavisse</strong></span> <span class='ocrx_word' id='word_1_83' title='bbox 738 2019 868 2084; x_wconf 88' lang='lat' dir='ltr'><strong>ferendo</strong></span> 
     </span>
     <span class='ocr_line' id='line_1_15' title="bbox 192 2110 1013 2202; baseline -0.012 -19"><span class='ocrx_word' id='word_1_84' title='bbox 192 2118 344 2194; x_wconf 89' lang='lat' dir='ltr'><strong>carmina,</strong></span> <span class='ocrx_word' id='word_1_85' title='bbox 363 2138 444 2200; x_wconf 89' lang='lat' dir='ltr'><strong>quae</strong></span> <span class='ocrx_word' id='word_1_86' title='bbox 461 2115 584 2202; x_wconf 90' lang='lat' dir='ltr'><strong>possint</strong></span> <span class='ocrx_word' id='word_1_87' title='bbox 601 2115 708 2180; x_wconf 88' lang='lat' dir='ltr'><strong>oculos</strong></span> <span class='ocrx_word' id='word_1_88' title='bbox 727 2134 881 2195; x_wconf 87' lang='lat' dir='ltr'><strong>auresque</strong></span> <span class='ocrx_word' id='word_1_89' title='bbox 899 2110 1013 2175; x_wconf 89' lang='lat' dir='ltr'><strong>morari</strong></span> 
     </span>
     <span class='ocr_line' id='line_1_16' title="bbox 192 2207 952 2295; baseline -0.009 -18"><span class='ocrx_word' id='word_1_90' title='bbox 192 2211 356 2289; x_wconf 85' lang='lat' dir='ltr'><strong>Caesaris3</strong></span> <span class='ocrx_word' id='word_1_91' title='bbox 373 2220 479 2275; x_wconf 90' lang='lat' dir='ltr'><strong>oratus</strong></span> <span class='ocrx_word' id='word_1_92' title='bbox 496 2209 594 2274; x_wconf 88' lang='lat' dir='ltr'><strong>multa</strong></span> <span class='ocrx_word' id='word_1_93' title='bbox 610 2231 717 2295; x_wconf 89' lang='lat' dir='ltr'><strong>prece,</strong></span> <span class='ocrx_word' id='word_1_94' title='bbox 735 2207 834 2273; x_wconf 90' lang='lat' dir='ltr'><strong>nitere</strong></span> <span class='ocrx_word' id='word_1_95' title='bbox 850 2228 952 2292; x_wconf 90' lang='lat' dir='ltr'><strong>porro.</strong></span> 
     </span>
     <span class='ocr_line' id='line_1_17' title="bbox 192 2299 1058 2386; baseline -0.012 -15"><span class='ocrx_word' id='word_1_96' title='bbox 192 2307 287 2383; x_wconf 91' lang='lat' dir='ltr'><strong>vade,</strong></span> <span class='ocrx_word' id='word_1_97' title='bbox 305 2304 390 2382; x_wconf 85' lang='lat' dir='ltr'><strong>vale3</strong></span> <span class='ocrx_word' id='word_1_98' title='bbox 409 2325 485 2369; x_wconf 88' lang='lat' dir='ltr'><strong>eave</strong></span> <span class='ocrx_word' id='word_1_99' title='bbox 503 2326 542 2368; x_wconf 95' lang='lat' dir='ltr'><strong>ne</strong></span> <span class='ocrx_word' id='word_1_100' title='bbox 560 2302 676 2369; x_wconf 92' lang='lat' dir='ltr'><strong>titubes</strong></span> <span class='ocrx_word' id='word_1_101' title='bbox 693 2303 902 2386; x_wconf 85' lang='lat' dir='ltr'><strong>mandataque</strong></span> <span class='ocrx_word' id='word_1_102' title='bbox 919 2299 1058 2385; x_wconf 85' lang='lat' dir='ltr'><strong>frangas.</strong></span> 
     </span>
    </p>
   </div>
   <div class='ocr_carea' id='block_1_3' title="bbox 485 2502 925 2699">
    <p class='ocr_par' dir='ltr' id='par_1_5' title="bbox 485 2502 925 2699">
     <span class='ocr_line' id='line_1_18' title="bbox 530 2502 888 2565; baseline -0.006 -2"><span class='ocrx_word' id='word_1_103' title='bbox 530 2502 775 2565; x_wconf 82' lang='lat' dir='ltr'>EPISTOLA</span> <span class='ocrx_word' id='word_1_104' title='bbox 796 2504 888 2563; x_wconf 84' lang='lat' dir='ltr'>XIV.</span> 
     </span>
     <span class='ocr_line' id='line_1_19' title="bbox 485 2647 925 2699; baseline -0.002 -2"><span class='ocrx_word' id='word_1_105' title='bbox 485 2649 540 2697; x_wconf 78' lang='lat' dir='ltr'><strong>an</strong></span> <span class='ocrx_word' id='word_1_106' title='bbox 566 2648 779 2699; x_wconf 81' lang='lat' dir='ltr'><strong>vmn1eum</strong></span> <span class='ocrx_word' id='word_1_107' title='bbox 801 2647 925 2699; x_wconf 80' lang='lat' dir='ltr'><strong>suun.</strong></span> 
     </span>
    </p>
   </div>
   <div class='ocr_carea' id='block_1_4' title="bbox 193 2772 1103 4446">
    <p class='ocr_par' dir='ltr' id='par_1_6' title="bbox 193 2772 1045 3234">
     <span class='ocr_line' id='line_1_20' title="bbox 193 2772 981 2858; baseline -0.004 -20"><span class='ocrx_word' id='word_1_108' title='bbox 193 2772 308 2838; x_wconf 91' lang='lat' dir='ltr'><strong>Villiee</strong></span> <span class='ocrx_word' id='word_1_109' title='bbox 326 2773 473 2837; x_wconf 89' lang='lat' dir='ltr'><strong>silvarum</strong></span> <span class='ocrx_word' id='word_1_110' title='bbox 488 2783 522 2850; x_wconf 83' lang='lat' dir='ltr'><strong>et</strong></span> <span class='ocrx_word' id='word_1_111' title='bbox 539 2772 616 2837; x_wconf 90' lang='lat' dir='ltr'><strong>mihi</strong></span> <span class='ocrx_word' id='word_1_112' title='bbox 633 2794 685 2837; x_wconf 93' lang='lat' dir='ltr'><strong>me</strong></span> <span class='ocrx_word' id='word_1_113' title='bbox 701 2773 860 2838; x_wconf 90' lang='lat' dir='ltr'><strong>reddentis</strong></span> <span class='ocrx_word' id='word_1_114' title='bbox 878 2772 981 2858; x_wconf 82' lang='lat' dir='ltr'><strong>agelli,</strong></span> 
     </span>
     <span class='ocr_line' id='line_1_21' title="bbox 193 2866 976 2950; baseline -0.003 -20"><span class='ocrx_word' id='word_1_115' title='bbox 193 2889 289 2949; x_wconf 91' lang='lat' dir='ltr'><strong>quem</strong></span> <span class='ocrx_word' id='word_1_116' title='bbox 307 2876 341 2931; x_wconf 88' lang='lat' dir='ltr'><strong>tu</strong></span> <span class='ocrx_word' id='word_1_117' title='bbox 358 2866 480 2932; x_wconf 90' lang='lat' dir='ltr'><strong>fastidis</strong></span> <span class='ocrx_word' id='word_1_118' title='bbox 498 2866 673 2930; x_wconf 90' lang='lat' dir='ltr'><strong>habitatum</strong></span> <span class='ocrx_word' id='word_1_119' title='bbox 691 2866 829 2950; x_wconf 91' lang='lat' dir='ltr'><strong>quinque</strong></span> <span class='ocrx_word' id='word_1_120' title='bbox 846 2866 925 2931; x_wconf 86' lang='lat' dir='ltr'><strong>focis</strong></span> <span class='ocrx_word' id='word_1_121' title='bbox 944 2878 976 2930; x_wconf 91' lang='lat' dir='ltr'><strong>et</strong></span> 
     </span>
     <span class='ocr_line' id='line_1_22' title="bbox 193 2958 1045 3044; baseline 0 -21"><span class='ocrx_word' id='word_1_122' title='bbox 193 2960 332 3043; x_wconf 89' lang='lat' dir='ltr'><strong>quinque</strong></span> <span class='ocrx_word' id='word_1_123' title='bbox 350 2958 449 3025; x_wconf 93' lang='lat' dir='ltr'><strong>bonos</strong></span> <span class='ocrx_word' id='word_1_124' title='bbox 468 2961 594 3025; x_wconf 91' lang='lat' dir='ltr'><strong>solitum</strong></span> <span class='ocrx_word' id='word_1_125' title='bbox 611 2959 741 3026; x_wconf 89' lang='lat' dir='ltr'><strong>Variam</strong></span> <span class='ocrx_word' id='word_1_126' title='bbox 759 2961 914 3025; x_wconf 89' lang='lat' dir='ltr'><strong>dimittere</strong></span> <span class='ocrx_word' id='word_1_127' title='bbox 931 2970 1045 3044; x_wconf 88' lang='lat' dir='ltr'><strong>patres,</strong></span> 
     </span>
     <span class='ocr_line' id='line_1_23' title="bbox 194 3053 970 3140; baseline -0.001 -23"><span class='ocrx_word' id='word_1_128' title='bbox 194 3063 364 3131; x_wconf 81' lang='lat' dir='ltr'><strong>certemus,</strong></span> <span class='ocrx_word' id='word_1_129' title='bbox 383 3054 489 3139; x_wconf 90' lang='lat' dir='ltr'><strong>spinas</strong></span> <span class='ocrx_word' id='word_1_130' title='bbox 507 3053 652 3119; x_wconf 91' lang='lat' dir='ltr'><strong>animone</strong></span> <span class='ocrx_word' id='word_1_131' title='bbox 669 3077 728 3140; x_wconf 85' lang='lat' dir='ltr'><strong>ego</strong></span> <span class='ocrx_word' id='word_1_132' title='bbox 745 3053 858 3118; x_wconf 82' lang='lat' dir='ltr'><strong>fortius</strong></span> <span class='ocrx_word' id='word_1_133' title='bbox 877 3077 918 3117; x_wconf 86' lang='lat' dir='ltr'><strong>an</strong></span> <span class='ocrx_word' id='word_1_134' title='bbox 936 3065 970 3116; x_wconf 92' lang='lat' dir='ltr'><strong>tu</strong></span> 
     </span>
     <span class='ocr_line' id='line_1_24' title="bbox 194 3147 961 3234; baseline -0.003 -23"><span class='ocrx_word' id='word_1_135' title='bbox 194 3147 310 3212; x_wconf 86' lang='lat' dir='ltr'><strong>evellas</strong></span> <span class='ocrx_word' id='word_1_136' title='bbox 328 3170 419 3234; x_wconf 86' lang='lat' dir='ltr'><strong>agro,</strong></span> <span class='ocrx_word' id='word_1_137' title='bbox 438 3158 470 3225; x_wconf 87' lang='lat' dir='ltr'><strong>et</strong></span> <span class='ocrx_word' id='word_1_138' title='bbox 486 3147 596 3213; x_wconf 91' lang='lat' dir='ltr'><strong>melior</strong></span> <span class='ocrx_word' id='word_1_139' title='bbox 614 3148 654 3213; x_wconf 92' lang='lat' dir='ltr'><strong>sit</strong></span> <span class='ocrx_word' id='word_1_140' title='bbox 671 3148 823 3213; x_wconf 87' lang='lat' dir='ltr'><strong>Horatius</strong></span> <span class='ocrx_word' id='word_1_141' title='bbox 842 3147 961 3210; x_wconf 83' lang='lat' dir='ltr'><strong>an&#39;res.</strong></span> 
     </span>
    </p>

    <p class='ocr_par' dir='ltr' id='par_1_7' title="bbox 193 3241 983 3507">
     <span class='ocr_line' id='line_1_25' title="bbox 193 3241 983 3327; baseline -0.004 -22"><span class='ocrx_word' id='word_1_142' title='bbox 193 3263 245 3305; x_wconf 90' lang='lat' dir='ltr'><strong>me</strong></span> <span class='ocrx_word' id='word_1_143' title='bbox 264 3241 406 3323; x_wconf 89' lang='lat' dir='ltr'><strong>quamvis</strong></span> <span class='ocrx_word' id='word_1_144' title='bbox 424 3241 558 3306; x_wconf 85' lang='lat' dir='ltr'><strong>Lamiae</strong></span> <span class='ocrx_word' id='word_1_145' title='bbox 574 3241 676 3327; x_wconf 88' lang='lat' dir='ltr'><strong>pietas</strong></span> <span class='ocrx_word' id='word_1_146' title='bbox 694 3251 726 3305; x_wconf 90' lang='lat' dir='ltr'><strong>et</strong></span> <span class='ocrx_word' id='word_1_147' title='bbox 742 3264 819 3306; x_wconf 86' lang='lat' dir='ltr'><strong>eura</strong></span> <span class='ocrx_word' id='word_1_148' title='bbox 836 3248 983 3315; x_wconf 89' lang='lat' dir='ltr'><strong>moratur,</strong></span> 
     </span>
     <span class='ocr_line' id='line_1_26' title="bbox 193 3332 951 3427; baseline -0.003 -30"><span class='ocrx_word' id='word_1_149' title='bbox 193 3334 322 3398; x_wconf 80' lang='lat' dir='ltr'><strong>fratrem</strong></span> <span class='ocrx_word' id='word_1_150' title='bbox 340 3334 520 3427; x_wconf 77' lang='lat' dir='ltr'><strong>maerentis,</strong></span> <span class='ocrx_word' id='word_1_151' title='bbox 538 3345 628 3424; x_wconf 85' lang='lat' dir='ltr'><strong>rapto</strong></span> <span class='ocrx_word' id='word_1_152' title='bbox 647 3335 686 3399; x_wconf 88' lang='lat' dir='ltr'><strong>de</strong></span> <span class='ocrx_word' id='word_1_153' title='bbox 704 3334 799 3398; x_wconf 84' lang='lat' dir='ltr'><strong>fratre</strong></span> <span class='ocrx_word' id='word_1_154' title='bbox 817 3332 951 3398; x_wconf 91' lang='lat' dir='ltr'><strong>dolentis</strong></span> 
     </span>
     <span class='ocr_line' id='line_1_27' title="bbox 193 3426 943 3507; baseline -0.003 -17"><span class='ocrx_word' id='word_1_155' title='bbox 193 3426 411 3504; x_wconf 87' lang='lat' dir='ltr'><strong>insolabiliter,</strong></span> <span class='ocrx_word' id='word_1_156' title='bbox 430 3438 534 3492; x_wconf 90' lang='lat' dir='ltr'><strong>tamen</strong></span> <span class='ocrx_word' id='word_1_157' title='bbox 551 3427 633 3492; x_wconf 90' lang='lat' dir='ltr'><strong>istue</strong></span> <span class='ocrx_word' id='word_1_158' title='bbox 650 3450 739 3492; x_wconf 93' lang='lat' dir='ltr'><strong>mens</strong></span> <span class='ocrx_word' id='word_1_159' title='bbox 758 3427 943 3507; x_wconf 88' lang='lat' dir='ltr'><strong>animusque</strong></span> 
     </span>
    </p>

    <p class='ocr_par' dir='ltr' id='par_1_8' title="bbox 194 3519 1031 3699">
     <span class='ocr_line' id='line_1_28' title="bbox 194 3519 1031 3607; baseline -0.004 -24"><span class='ocrx_word' id='word_1_160' title='bbox 194 3520 256 3585; x_wconf 87' lang='lat' dir='ltr'><strong>fert</strong></span> <span class='ocrx_word' id='word_1_161' title='bbox 274 3531 306 3584; x_wconf 94' lang='lat' dir='ltr'><strong>et</strong></span> <span class='ocrx_word' id='word_1_162' title='bbox 323 3531 407 3585; x_wconf 87' lang='lat' dir='ltr'><strong>amat</strong></span> <span class='ocrx_word' id='word_1_163' title='bbox 424 3521 532 3607; x_wconf 91' lang='lat' dir='ltr'><strong>spatiis</strong></span> <span class='ocrx_word' id='word_1_164' title='bbox 551 3520 708 3586; x_wconf 88' lang='lat' dir='ltr'><strong>obstantia</strong></span> <span class='ocrx_word' id='word_1_165' title='bbox 724 3542 869 3605; x_wconf 90' lang='lat' dir='ltr'><strong>rumpere</strong></span> <span class='ocrx_word' id='word_1_166' title='bbox 887 3519 1031 3584; x_wconf 84' lang='lat' dir='ltr'><strong>claustra.</strong></span> 
     </span>
     <span class='ocr_line' id='line_1_29' title="bbox 194 3612 988 3699; baseline -0.001 -23"><span class='ocrx_word' id='word_1_167' title='bbox 194 3635 266 3677; x_wconf 90' lang='lat' dir='ltr'><strong>rure</strong></span> <span class='ocrx_word' id='word_1_168' title='bbox 285 3636 344 3699; x_wconf 85' lang='lat' dir='ltr'><strong>ego</strong></span> <span class='ocrx_word' id='word_1_169' title='bbox 362 3615 534 3692; x_wconf 88' lang='lat' dir='ltr'><strong>viventem,</strong></span> <span class='ocrx_word' id='word_1_170' title='bbox 553 3624 588 3678; x_wconf 94' lang='lat' dir='ltr'><strong>tu</strong></span> <span class='ocrx_word' id='word_1_171' title='bbox 605 3615 683 3679; x_wconf 91' lang='lat' dir='ltr'><strong>dieis</strong></span> <span class='ocrx_word' id='word_1_172' title='bbox 701 3615 733 3677; x_wconf 93' lang='lat' dir='ltr'><strong>in</strong></span> <span class='ocrx_word' id='word_1_173' title='bbox 752 3612 829 3679; x_wconf 91' lang='lat' dir='ltr'><strong>urbe</strong></span> <span class='ocrx_word' id='word_1_174' title='bbox 847 3612 988 3690; x_wconf 82' lang='lat' dir='ltr'><strong>beatum3</strong></span> 
     </span>
    </p>

    <p class='ocr_par' dir='ltr' id='par_1_9' title="bbox 194 3706 1103 4076">
     <span class='ocr_line' id='line_1_30' title="bbox 194 3706 1018 3790; baseline -0.001 -21"><span class='ocrx_word' id='word_1_175' title='bbox 194 3706 247 3769; x_wconf 91' lang='lat' dir='ltr'><strong>eui</strong></span> <span class='ocrx_word' id='word_1_176' title='bbox 264 3706 367 3790; x_wconf 89' lang='lat' dir='ltr'><strong>placet</strong></span> <span class='ocrx_word' id='word_1_177' title='bbox 384 3707 525 3785; x_wconf 83' lang='lat' dir='ltr'><strong>alterius,</strong></span> <span class='ocrx_word' id='word_1_178' title='bbox 545 3731 603 3772; x_wconf 90' lang='lat' dir='ltr'><strong>sua</strong></span> <span class='ocrx_word' id='word_1_179' title='bbox 619 3707 766 3771; x_wconf 90' lang='lat' dir='ltr'><strong>nimirum</strong></span> <span class='ocrx_word' id='word_1_180' title='bbox 784 3717 833 3772; x_wconf 91' lang='lat' dir='ltr'><strong>est</strong></span> <span class='ocrx_word' id='word_1_181' title='bbox 850 3706 922 3772; x_wconf 92' lang='lat' dir='ltr'><strong>odio</strong></span> <span class='ocrx_word' id='word_1_182' title='bbox 941 3728 1018 3771; x_wconf 91' lang='lat' dir='ltr'><strong>sors.</strong></span> 
     </span>
     <span class='ocr_line' id='line_1_31' title="bbox 195 3798 1103 3884; baseline -0.002 -21"><span class='ocrx_word' id='word_1_183' title='bbox 195 3799 310 3864; x_wconf 93' lang='lat' dir='ltr'><strong>stultus</strong></span> <span class='ocrx_word' id='word_1_184' title='bbox 329 3810 458 3884; x_wconf 92' lang='lat' dir='ltr'><strong>uterque</strong></span> <span class='ocrx_word' id='word_1_185' title='bbox 475 3802 579 3866; x_wconf 90' lang='lat' dir='ltr'><strong>locum</strong></span> <span class='ocrx_word' id='word_1_186' title='bbox 596 3801 786 3865; x_wconf 92' lang='lat' dir='ltr'><strong>immeritum</strong></span> <span class='ocrx_word' id='word_1_187' title='bbox 803 3809 968 3865; x_wconf 83' lang='lat' dir='ltr'><strong>caussatur</strong></span> <span class='ocrx_word' id='word_1_188' title='bbox 983 3798 1103 3880; x_wconf 85' lang='lat' dir='ltr'><strong>inique3</strong></span> 
     </span>
     <span class='ocr_line' id='line_1_32' title="bbox 194 3893 1060 3979; baseline -0.001 -23"><span class='ocrx_word' id='word_1_189' title='bbox 194 3893 228 3956; x_wconf 92' lang='lat' dir='ltr'><strong>in</strong></span> <span class='ocrx_word' id='word_1_190' title='bbox 246 3893 339 3979; x_wconf 90' lang='lat' dir='ltr'><strong>eulpa</strong></span> <span class='ocrx_word' id='word_1_191' title='bbox 356 3905 405 3959; x_wconf 90' lang='lat' dir='ltr'><strong>est</strong></span> <span class='ocrx_word' id='word_1_192' title='bbox 422 3895 558 3972; x_wconf 91' lang='lat' dir='ltr'><strong>animus,</strong></span> <span class='ocrx_word' id='word_1_193' title='bbox 577 3895 632 3979; x_wconf 91' lang='lat' dir='ltr'><strong>qui</strong></span> <span class='ocrx_word' id='word_1_194' title='bbox 650 3916 685 3959; x_wconf 93' lang='lat' dir='ltr'><strong>se</strong></span> <span class='ocrx_word' id='word_1_195' title='bbox 703 3917 767 3958; x_wconf 92' lang='lat' dir='ltr'><strong>non</strong></span> <span class='ocrx_word' id='word_1_196' title='bbox 784 3895 896 3979; x_wconf 83' lang='lat' dir='ltr'><strong>effugit</strong></span> <span class='ocrx_word' id='word_1_197' title='bbox 913 3914 1060 3975; x_wconf 89' lang='lat' dir='ltr'><strong>unquam.</strong></span> 
     </span>
     <span class='ocr_line' id='line_1_33' title="bbox 195 3988 920 4076; baseline 0 -25"><span class='ocrx_word' id='word_1_198' title='bbox 195 3999 230 4052; x_wconf 89' lang='lat' dir='ltr'><strong>tu</strong></span> <span class='ocrx_word' id='word_1_199' title='bbox 248 3988 453 4055; x_wconf 80' lang='lat' dir='ltr'><strong>mediastinus</strong></span> <span class='ocrx_word' id='word_1_200' title='bbox 471 3991 565 4055; x_wconf 89' lang='lat' dir='ltr'><strong>tacita</strong></span> <span class='ocrx_word' id='word_1_201' title='bbox 581 4011 674 4076; x_wconf 89' lang='lat' dir='ltr'><strong>prece</strong></span> <span class='ocrx_word' id='word_1_202' title='bbox 691 4013 763 4053; x_wconf 90' lang='lat' dir='ltr'><strong>rura</strong></span> <span class='ocrx_word' id='word_1_203' title='bbox 780 3989 920 4073; x_wconf 90' lang='lat' dir='ltr'><strong>petebas,</strong></span> 
     </span>
    </p>

    <p class='ocr_par' dir='ltr' id='par_1_10' title="bbox 194 4082 1027 4446">
     <span class='ocr_line' id='line_1_34' title="bbox 194 4082 1005 4166; baseline -0.001 -21"><span class='ocrx_word' id='word_1_204' title='bbox 194 4105 280 4147; x_wconf 93' lang='lat' dir='ltr'><strong>nunc</strong></span> <span class='ocrx_word' id='word_1_205' title='bbox 297 4082 407 4149; x_wconf 90' lang='lat' dir='ltr'><strong>urbem</strong></span> <span class='ocrx_word' id='word_1_206' title='bbox 425 4092 456 4148; x_wconf 91' lang='lat' dir='ltr'><strong>et</strong></span> <span class='ocrx_word' id='word_1_207' title='bbox 473 4084 564 4149; x_wconf 88' lang='lat' dir='ltr'><strong>ludos</strong></span> <span class='ocrx_word' id='word_1_208' title='bbox 583 4094 615 4148; x_wconf 91' lang='lat' dir='ltr'><strong>et</strong></span> <span class='ocrx_word' id='word_1_209' title='bbox 632 4083 744 4148; x_wconf 88' lang='lat' dir='ltr'><strong>balnea</strong></span> <span class='ocrx_word' id='word_1_210' title='bbox 761 4083 883 4146; x_wconf 91' lang='lat' dir='ltr'><strong>villicus</strong></span> <span class='ocrx_word' id='word_1_211' title='bbox 902 4089 1005 4166; x_wconf 84' lang='lat' dir='ltr'><strong>optas3</strong></span> 
     </span>
     <span class='ocr_line' id='line_1_35' title="bbox 195 4175 959 4249; baseline -0.003 -11"><span class='ocrx_word' id='word_1_212' title='bbox 195 4198 246 4239; x_wconf 92' lang='lat' dir='ltr'><strong>me</strong></span> <span class='ocrx_word' id='word_1_213' title='bbox 266 4191 408 4242; x_wconf 88' lang='lat' dir='ltr'><strong>constare</strong></span> <span class='ocrx_word' id='word_1_214' title='bbox 426 4177 503 4242; x_wconf 93' lang='lat' dir='ltr'><strong>mihi</strong></span> <span class='ocrx_word' id='word_1_215' title='bbox 521 4177 583 4243; x_wconf 90' lang='lat' dir='ltr'><strong>seis</strong></span> <span class='ocrx_word' id='word_1_216' title='bbox 602 4187 633 4241; x_wconf 91' lang='lat' dir='ltr'><strong>et</strong></span> <span class='ocrx_word' id='word_1_217' title='bbox 650 4177 812 4241; x_wconf 90' lang='lat' dir='ltr'><strong>discedere</strong></span> <span class='ocrx_word' id='word_1_218' title='bbox 830 4175 959 4249; x_wconf 87' lang='lat' dir='ltr'><strong>tristem,</strong></span> 
     </span>
     <span class='ocr_line' id='line_1_36' title="bbox 196 4266 1027 4355; baseline -0.006 -23"><span class='ocrx_word' id='word_1_219' title='bbox 196 4270 459 4355; x_wconf 86' lang='lat' dir='ltr'><strong>quandocumque</strong></span> <span class='ocrx_word' id='word_1_220' title='bbox 478 4271 605 4336; x_wconf 89' lang='lat' dir='ltr'><strong>trahunt</strong></span> <span class='ocrx_word' id='word_1_221' title='bbox 621 4271 723 4334; x_wconf 90' lang='lat' dir='ltr'><strong>invisa</strong></span> <span class='ocrx_word' id='word_1_222' title='bbox 739 4268 867 4353; x_wconf 84' lang='lat' dir='ltr'><strong>negotia</strong></span> <span class='ocrx_word' id='word_1_223' title='bbox 884 4266 1027 4330; x_wconf 86' lang='lat' dir='ltr'><strong>Romam.</strong></span> 
     </span>
     <span class='ocr_line' id='line_1_37' title="bbox 196 4361 936 4446; baseline -0.003 -21"><span class='ocrx_word' id='word_1_224' title='bbox 196 4385 260 4427; x_wconf 93' lang='lat' dir='ltr'><strong>non</strong></span> <span class='ocrx_word' id='word_1_225' title='bbox 277 4365 388 4446; x_wconf 86' lang='lat' dir='ltr'><strong>eadem</strong></span> <span class='ocrx_word' id='word_1_226' title='bbox 405 4364 568 4442; x_wconf 85' lang='lat' dir='ltr'><strong>miramur3</strong></span> <span class='ocrx_word' id='word_1_227' title='bbox 587 4386 625 4429; x_wconf 90' lang='lat' dir='ltr'><strong>eo</strong></span> <span class='ocrx_word' id='word_1_228' title='bbox 643 4362 839 4427; x_wconf 89' lang='lat' dir='ltr'><strong>disconvenit</strong></span> <span class='ocrx_word' id='word_1_229' title='bbox 856 4361 936 4424; x_wconf 91' lang='lat' dir='ltr'><strong>inter</strong></span> 
     </span>
    </p>
   </div>
   <div class='ocr_carea' id='block_1_5' title="bbox 195 4451 1106 4602">
    <p class='ocr_par' dir='ltr' id='par_1_11' title="bbox 195 4451 1106 4602">
     <span class='ocr_line' id='line_1_38' title="bbox 195 4451 1106 4602; baseline -0.008 -82"><span class='ocrx_word' id='word_1_230' title='bbox 195 4463 309 4541; x_wconf 90' lang='lat' dir='ltr'><strong>&#39;meque</strong></span> <span class='ocrx_word' id='word_1_231' title='bbox 327 4469 358 4523; x_wconf 93' lang='lat' dir='ltr'><strong>et</strong></span> <span class='ocrx_word' id='word_1_232' title='bbox 376 4469 415 4523; x_wconf 88' lang='lat' dir='ltr'><strong>te.</strong></span> <span class='ocrx_word' id='word_1_233' title='bbox 439 4482 513 4524; x_wconf 91' lang='lat' dir='ltr'><strong>nam</strong></span> <span class='ocrx_word' id='word_1_234' title='bbox 531 4469 612 4542; x_wconf 85' lang='lat' dir='ltr'><strong>quae</strong></span> <span class='ocrx_word' id='word_1_235' title='bbox 629 4458 752 4523; x_wconf 88' lang='lat' dir='ltr'><strong>deserta</strong></span> <span class='ocrx_word' id='word_1_236' title='bbox 771 4465 801 4520; x_wconf 92' lang='lat' dir='ltr'><strong>et</strong></span> <span class='ocrx_word' id='word_1_237' title='bbox 820 4454 977 4539; x_wconf 88' lang='lat' dir='ltr'><strong>inhospita</strong></span> <span class='ocrx_word' id='word_1_238' title='bbox 987 4451 1106 4602; x_wconf 51' lang='lat' dir='ltr'><strong>ltpsmqua</strong></span> 
     </span>
    </p>
   </div>
   <div class='ocr_carea' id='block_1_6' title="bbox 0 0 1621 5442">
    <p class='ocr_par' dir='ltr' id='par_1_12' title="bbox 0 0 1621 5442">
     <span class='ocr_line' id='line_1_39' title="bbox 0 0 1621 5442; baseline 0 0"><span class='ocrx_word' id='word_1_239' title='bbox 0 0 1621 5442; x_wconf 95' lang='lat' dir='ltr'><strong> </strong></span> 
     </span>
    </p>
   </div>
  </div>
 </body>
</html>
