<?xml version="1.0" encoding="UTF-8"?>
<!DOCTYPE html PUBLIC "-//W3C//DTD XHTML 1.0 Transitional//EN"
    "http://www.w3.org/TR/xhtml1/DTD/xhtml1-transitional.dtd">
<html xmlns="http://www.w3.org/1999/xhtml" xml:lang="en" lang="en">
 <head>
  <title>
</title>
<meta http-equiv="Content-Type" content="text/html;charset=utf-8" />
  <meta name='ocr-system' content='tesseract 3.04.00' />
  <meta name='ocr-capabilities' content='ocr_page ocr_carea ocr_par ocr_line ocrx_word'/>
</head>
<body>
  <div class='ocr_page' id='page_1' title='image "./qhoratiiflaccio00stalgoog/qhoratiiflaccio00stalgoog_0114.png"; bbox 0 0 3225 5442; ppageno 0'>
   <div class='ocr_carea' id='block_1_1' title="bbox 631 693 999 762">
    <p class='ocr_par' dir='ltr' id='par_1_1' title="bbox 631 693 999 762">
     <span class='ocr_line' id='line_1_1' title="bbox 631 693 999 762; baseline -0.005 -10"><span class='ocrx_word' id='word_1_1' title='bbox 631 698 664 762; x_wconf 83' lang='lat' dir='ltr'>Q.</span> <span class='ocrx_word' id='word_1_2' title='bbox 680 696 847 752; x_wconf 83' lang='lat' dir='ltr'>HORATII</span> <span class='ocrx_word' id='word_1_3' title='bbox 858 693 999 751; x_wconf 80' lang='lat' dir='ltr'>FLACOI</span> 
     </span>
    </p>
   </div>
   <div class='ocr_carea' id='block_1_2' title="bbox 471 852 1123 1125">
    <p class='ocr_par' dir='ltr' id='par_1_2' title="bbox 471 852 1123 1125">
     <span class='ocr_line' id='line_1_2' title="bbox 471 852 1032 940; baseline -0.004 -22"><span class='ocrx_word' id='word_1_4' title='bbox 471 855 628 940; x_wconf 86' lang='lat' dir='ltr'>insignem</span> <span class='ocrx_word' id='word_1_5' title='bbox 646 854 732 918; x_wconf 91' lang='lat' dir='ltr'>tenui</span> <span class='ocrx_word' id='word_1_6' title='bbox 749 852 852 917; x_wconf 87' lang='lat' dir='ltr'>fronte</span> <span class='ocrx_word' id='word_1_7' title='bbox 869 852 1032 937; x_wconf 82' lang='lat' dir='ltr'>Lycorida</span> 
     </span>
     <span class='ocr_line' id='line_1_3' title="bbox 471 945 1123 1033; baseline -0.005 -20"><span class='ocrx_word' id='word_1_8' title='bbox 471 948 549 1033; x_wconf 81' lang='lat' dir='ltr'>Cyn·</span> <span class='ocrx_word' id='word_1_9' title='bbox 567 956 661 1012; x_wconf 86' lang='lat' dir='ltr'>torret</span> <span class='ocrx_word' id='word_1_10' title='bbox 678 970 779 1023; x_wconf 89' lang='lat' dir='ltr'>amor,</span> <span class='ocrx_word' id='word_1_11' title='bbox 800 945 905 1030; x_wconf 84' lang='lat' dir='ltr'>Cyrus</span> <span class='ocrx_word' id='word_1_12' title='bbox 923 947 956 1010; x_wconf 92' lang='lat' dir='ltr'>in</span> <span class='ocrx_word' id='word_1_13' title='bbox 974 969 1123 1031; x_wconf 82' lang='lat' dir='ltr'><strong>asperam</strong></span> 
     </span>
     <span class='ocr_line' id='line_1_4' title="bbox 471 1038 1096 1125; baseline 0 -20"><span class='ocrx_word' id='word_1_14' title='bbox 471 1041 605 1106; x_wconf 84' lang='lat' dir='ltr'>declinat</span> <span class='ocrx_word' id='word_1_15' title='bbox 623 1041 779 1118; x_wconf 83' lang='lat' dir='ltr'>Pholoen3</span> <span class='ocrx_word' id='word_1_16' title='bbox 798 1041 856 1104; x_wconf 90' lang='lat' dir='ltr'>sed</span> <span class='ocrx_word' id='word_1_17' title='bbox 871 1040 958 1125; x_wconf 90' lang='lat' dir='ltr'>prius</span> <span class='ocrx_word' id='word_1_18' title='bbox 977 1038 1096 1125; x_wconf 85' lang='lat' dir='ltr'>Apulis</span> 
     </span>
    </p>
   </div>
   <div class='ocr_carea' id='block_1_3' title="bbox 533 1134 959 1221">
    <p class='ocr_par' dir='ltr' id='par_1_3' title="bbox 533 1134 959 1221">
     <span class='ocr_line' id='line_1_5' title="bbox 533 1134 959 1221; baseline -0.002 -23"><span class='ocrx_word' id='word_1_19' title='bbox 533 1136 702 1221; x_wconf 85' lang='lat' dir='ltr'>iungentur</span> <span class='ocrx_word' id='word_1_20' title='bbox 718 1156 849 1218; x_wconf 87' lang='lat' dir='ltr'>capreae</span> <span class='ocrx_word' id='word_1_21' title='bbox 866 1134 959 1218; x_wconf 90' lang='lat' dir='ltr'>lupis,</span> 
     </span>
    </p>
   </div>
   <div class='ocr_carea' id='block_1_4' title="bbox 470 1268 1135 1616">
    <p class='ocr_par' dir='ltr' id='par_1_4' title="bbox 470 1268 1098 1355">
     <span class='ocr_line' id='line_1_6' title="bbox 470 1268 1098 1355; baseline -0.002 -21"><span class='ocrx_word' id='word_1_22' title='bbox 470 1293 564 1353; x_wconf 91' lang='lat' dir='ltr'>quam</span> <span class='ocrx_word' id='word_1_23' title='bbox 583 1271 665 1355; x_wconf 83' lang='lat' dir='ltr'>turpi</span> <span class='ocrx_word' id='word_1_24' title='bbox 683 1269 803 1334; x_wconf 84' lang='lat' dir='ltr'>Pholoe</span> <span class='ocrx_word' id='word_1_25' title='bbox 820 1278 930 1354; x_wconf 87' lang='lat' dir='ltr'>peccet</span> <span class='ocrx_word' id='word_1_26' title='bbox 947 1268 1098 1335; x_wconf 86' lang='lat' dir='ltr'>adultero.</span> 
     </span>
    </p>

    <p class='ocr_par' dir='ltr' id='par_1_5' title="bbox 472 1363 1135 1447">
     <span class='ocr_line' id='line_1_7' title="bbox 472 1363 1135 1447; baseline 0 -18"><span class='ocrx_word' id='word_1_27' title='bbox 472 1366 517 1429; x_wconf 91' lang='lat' dir='ltr'>sie</span> <span class='ocrx_word' id='word_1_28' title='bbox 535 1366 639 1428; x_wconf 86' lang='lat' dir='ltr'>visum</span> <span class='ocrx_word' id='word_1_29' title='bbox 656 1363 787 1440; x_wconf 86' lang='lat' dir='ltr'>Veneri,</span> <span class='ocrx_word' id='word_1_30' title='bbox 806 1364 858 1428; x_wconf 91' lang='lat' dir='ltr'>eui</span> <span class='ocrx_word' id='word_1_31' title='bbox 874 1363 978 1447; x_wconf 88' lang='lat' dir='ltr'>placet</span> <span class='ocrx_word' id='word_1_32' title='bbox 994 1364 1135 1447; x_wconf 88' lang='lat' dir='ltr'>impares</span> 
     </span>
    </p>

    <p class='ocr_par' dir='ltr' id='par_1_6' title="bbox 473 1456 1131 1616">
     <span class='ocr_line' id='line_1_8' title="bbox 473 1456 1131 1543; baseline 0 -21"><span class='ocrx_word' id='word_1_33' title='bbox 473 1458 590 1523; x_wconf 84' lang='lat' dir='ltr'>formas</span> <span class='ocrx_word' id='word_1_34' title='bbox 609 1467 703 1541; x_wconf 87' lang='lat' dir='ltr'>atque</span> <span class='ocrx_word' id='word_1_35' title='bbox 721 1457 842 1522; x_wconf 88' lang='lat' dir='ltr'>animos</span> <span class='ocrx_word' id='word_1_36' title='bbox 861 1456 920 1521; x_wconf 92' lang='lat' dir='ltr'>sub</span> <span class='ocrx_word' id='word_1_37' title='bbox 938 1457 1013 1543; x_wconf 87' lang='lat' dir='ltr'>iuga</span> <span class='ocrx_word' id='word_1_38' title='bbox 1030 1480 1131 1522; x_wconf 90' lang='lat' dir='ltr'>aenea</span> 
     </span>
     <span class='ocr_line' id='line_1_9' title="bbox 536 1551 959 1616; baseline -0.002 0"><span class='ocrx_word' id='word_1_39' title='bbox 536 1575 631 1616; x_wconf 87' lang='lat' dir='ltr'>saevo</span> <span class='ocrx_word' id='word_1_40' title='bbox 649 1552 771 1616; x_wconf 90' lang='lat' dir='ltr'>mittere</span> <span class='ocrx_word' id='word_1_41' title='bbox 789 1573 863 1615; x_wconf 91' lang='lat' dir='ltr'>eum</span> <span class='ocrx_word' id='word_1_42' title='bbox 880 1551 959 1615; x_wconf 91' lang='lat' dir='ltr'>ioco.</span> 
     </span>
    </p>
   </div>
   <div class='ocr_carea' id='block_1_5' title="bbox 470 1687 1176 2031">
    <p class='ocr_par' dir='ltr' id='par_1_7' title="bbox 470 1687 1176 1772">
     <span class='ocr_line' id='line_1_10' title="bbox 470 1687 1176 1772; baseline 0.003 -22"><span class='ocrx_word' id='word_1_43' title='bbox 470 1688 573 1772; x_wconf 88' lang='lat' dir='ltr'>ipsum</span> <span class='ocrx_word' id='word_1_44' title='bbox 591 1710 655 1764; x_wconf 91' lang='lat' dir='ltr'>me,</span> <span class='ocrx_word' id='word_1_45' title='bbox 675 1688 784 1752; x_wconf 93' lang='lat' dir='ltr'>melior</span> <span class='ocrx_word' id='word_1_46' title='bbox 801 1709 899 1770; x_wconf 92' lang='lat' dir='ltr'>quum</span> <span class='ocrx_word' id='word_1_47' title='bbox 916 1696 1035 1770; x_wconf 87' lang='lat' dir='ltr'>peteret</span> <span class='ocrx_word' id='word_1_48' title='bbox 1053 1687 1176 1765; x_wconf 88' lang='lat' dir='ltr'>Venus,</span> 
     </span>
    </p>

    <p class='ocr_par' dir='ltr' id='par_1_8' title="bbox 470 1779 1086 1865">
     <span class='ocr_line' id='line_1_11' title="bbox 470 1779 1086 1865; baseline -0.002 -22"><span class='ocrx_word' id='word_1_49' title='bbox 470 1790 561 1865; x_wconf 83' lang='lat' dir='ltr'>grata</span> <span class='ocrx_word' id='word_1_50' title='bbox 578 1781 710 1844; x_wconf 81' lang='lat' dir='ltr'>detinuit</span> <span class='ocrx_word' id='word_1_51' title='bbox 727 1780 878 1865; x_wconf 84' lang='lat' dir='ltr'>compede</span> <span class='ocrx_word' id='word_1_52' title='bbox 895 1779 1032 1863; x_wconf 80' lang='lat' dir='ltr'>Myrtale</span> <span class='ocrx_word' id='word_1_53' title='bbox 1078 1825 1086 1842; x_wconf 45' lang='lat' dir='ltr'>t</span> 
     </span>
    </p>

    <p class='ocr_par' dir='ltr' id='par_1_9' title="bbox 472 1872 1010 2031">
     <span class='ocr_line' id='line_1_12' title="bbox 472 1872 1010 1951; baseline 0 -15"><span class='ocrx_word' id='word_1_54' title='bbox 472 1873 628 1951; x_wconf 88' lang='lat' dir='ltr'>libertina,</span> <span class='ocrx_word' id='word_1_55' title='bbox 648 1874 735 1938; x_wconf 90' lang='lat' dir='ltr'>fretis</span> <span class='ocrx_word' id='word_1_56' title='bbox 754 1874 853 1937; x_wconf 86' lang='lat' dir='ltr'>aerior</span> <span class='ocrx_word' id='word_1_57' title='bbox 870 1872 1010 1937; x_wconf 86' lang='lat' dir='ltr'>Hadriae</span> 
     </span>
     <span class='ocr_line' id='line_1_13' title="bbox 536 1966 984 2031; baseline -0.004 0"><span class='ocrx_word' id='word_1_58' title='bbox 536 1968 694 2031; x_wconf 85' lang='lat' dir='ltr'>curvantis</span> <span class='ocrx_word' id='word_1_59' title='bbox 714 1966 868 2031; x_wconf 89' lang='lat' dir='ltr'>Calabros</span> <span class='ocrx_word' id='word_1_60' title='bbox 888 1967 984 2030; x_wconf 92' lang='lat' dir='ltr'>sinus.</span> 
     </span>
    </p>
   </div>
   <div class='ocr_carea' id='block_1_6' title="bbox 625 2226 1002 2420">
    <p class='ocr_par' dir='ltr' id='par_1_10' title="bbox 625 2226 1002 2420">
     <span class='ocr_line' id='line_1_14' title="bbox 625 2226 1002 2287; baseline -0.008 0"><span class='ocrx_word' id='word_1_61' title='bbox 625 2226 824 2287; x_wconf 78' lang='lat' dir='ltr'>CARMEN</span> <span class='ocrx_word' id='word_1_62' title='bbox 846 2226 1002 2285; x_wconf 86' lang='lat' dir='ltr'>XXXIV.</span> 
     </span>
     <span class='ocr_line' id='line_1_15' title="bbox 668 2369 962 2420; baseline -0.007 -3"><span class='ocrx_word' id='word_1_63' title='bbox 668 2371 723 2417; x_wconf 79' lang='lat' dir='ltr'>An</span> <span class='ocrx_word' id='word_1_64' title='bbox 748 2370 794 2418; x_wconf 83' lang='lat' dir='ltr'>sa</span> <span class='ocrx_word' id='word_1_65' title='bbox 819 2369 962 2420; x_wconf 80' lang='lat' dir='ltr'>rrsuu.</span> 
     </span>
    </p>
   </div>
   <div class='ocr_carea' id='block_1_7' title="bbox 472 2492 1106 2858">
    <p class='ocr_par' dir='ltr' id='par_1_11' title="bbox 472 2492 1106 2858">
     <span class='ocr_line' id='line_1_16' title="bbox 472 2492 1106 2576; baseline -0.003 -19"><span class='ocrx_word' id='word_1_66' title='bbox 472 2493 592 2557; x_wconf 88' lang='lat' dir='ltr'>Parcus</span> <span class='ocrx_word' id='word_1_67' title='bbox 611 2494 741 2558; x_wconf 89' lang='lat' dir='ltr'>deorum</span> <span class='ocrx_word' id='word_1_68' title='bbox 759 2492 858 2558; x_wconf 91' lang='lat' dir='ltr'>cultor</span> <span class='ocrx_word' id='word_1_69' title='bbox 876 2502 907 2557; x_wconf 89' lang='lat' dir='ltr'>et</span> <span class='ocrx_word' id='word_1_70' title='bbox 924 2492 1106 2576; x_wconf 79' lang='lat' dir='ltr'>infrequens</span> 
     </span>
     <span class='ocr_line' id='line_1_17' title="bbox 473 2587 939 2672; baseline 0.002 -23"><span class='ocrx_word' id='word_1_71' title='bbox 473 2587 656 2651; x_wconf 84' lang='lat' dir='ltr'>insanientis</span> <span class='ocrx_word' id='word_1_72' title='bbox 675 2589 751 2652; x_wconf 92' lang='lat' dir='ltr'>dum</span> <span class='ocrx_word' id='word_1_73' title='bbox 769 2588 939 2672; x_wconf 86' lang='lat' dir='ltr'>sapientiae</span> 
     </span>
     <span class='ocr_line' id='line_1_18' title="bbox 515 2681 1067 2757; baseline -0.002 -13"><span class='ocrx_word' id='word_1_74' title='bbox 515 2681 676 2746; x_wconf 85' lang='lat' dir='ltr'>consultus</span> <span class='ocrx_word' id='word_1_75' title='bbox 695 2704 778 2757; x_wconf 89' lang='lat' dir='ltr'>erro,</span> <span class='ocrx_word' id='word_1_76' title='bbox 796 2703 880 2744; x_wconf 91' lang='lat' dir='ltr'>nune</span> <span class='ocrx_word' id='word_1_77' title='bbox 897 2690 1067 2744; x_wconf 86' lang='lat' dir='ltr'>retrorsum</span> 
     </span>
     <span class='ocr_line' id='line_1_19' title="bbox 557 2775 1087 2858; baseline 0.002 -22"><span class='ocrx_word' id='word_1_78' title='bbox 557 2775 627 2837; x_wconf 90' lang='lat' dir='ltr'>vela</span> <span class='ocrx_word' id='word_1_79' title='bbox 645 2776 719 2840; x_wconf 91' lang='lat' dir='ltr'>dare</span> <span class='ocrx_word' id='word_1_80' title='bbox 737 2785 830 2858; x_wconf 92' lang='lat' dir='ltr'>atque</span> <span class='ocrx_word' id='word_1_81' title='bbox 848 2776 959 2838; x_wconf 89' lang='lat' dir='ltr'>iterare</span> <span class='ocrx_word' id='word_1_82' title='bbox 977 2797 1087 2838; x_wconf 86' lang='lat' dir='ltr'>cursus</span> 
     </span>
    </p>
   </div>
   <div class='ocr_carea' id='block_1_8' title="bbox 472 2910 1130 3277">
    <p class='ocr_par' dir='ltr' id='par_1_12' title="bbox 472 2910 1130 3277">
     <span class='ocr_line' id='line_1_20' title="bbox 473 2910 1061 2994; baseline 0 -21"><span class='ocrx_word' id='word_1_83' title='bbox 473 2931 569 2994; x_wconf 85' lang='lat' dir='ltr'>cogor</span> <span class='ocrx_word' id='word_1_84' title='bbox 585 2910 719 2973; x_wconf 84' lang='lat' dir='ltr'>relictos.</span> <span class='ocrx_word' id='word_1_85' title='bbox 738 2933 874 2993; x_wconf 89' lang='lat' dir='ltr'>namque</span> <span class='ocrx_word' id='word_1_86' title='bbox 891 2910 1061 2994; x_wconf 87' lang='lat' dir='ltr'>Diespiter,</span> 
     </span>
     <span class='ocr_line' id='line_1_21' title="bbox 472 3003 970 3088; baseline 0.004 -23"><span class='ocrx_word' id='word_1_87' title='bbox 472 3004 538 3088; x_wconf 86' lang='lat' dir='ltr'>igni</span> <span class='ocrx_word' id='word_1_88' title='bbox 555 3025 684 3067; x_wconf 89' lang='lat' dir='ltr'>eoruseo</span> <span class='ocrx_word' id='word_1_89' title='bbox 702 3003 810 3068; x_wconf 91' lang='lat' dir='ltr'>nubila</span> <span class='ocrx_word' id='word_1_90' title='bbox 827 3004 970 3067; x_wconf 84' lang='lat' dir='ltr'>dividens</span> 
     </span>
     <span class='ocr_line' id='line_1_22' title="bbox 515 3098 1078 3183; baseline 0 -22"><span class='ocrx_word' id='word_1_91' title='bbox 515 3098 712 3182; x_wconf 91' lang='lat' dir='ltr'>plerumque,</span> <span class='ocrx_word' id='word_1_92' title='bbox 730 3121 787 3183; x_wconf 90' lang='lat' dir='ltr'>per</span> <span class='ocrx_word' id='word_1_93' title='bbox 804 3121 918 3182; x_wconf 90' lang='lat' dir='ltr'>purum</span> <span class='ocrx_word' id='word_1_94' title='bbox 936 3108 1078 3162; x_wconf 88' lang='lat' dir='ltr'>tonantes</span> 
     </span>
     <span class='ocr_line' id='line_1_23' title="bbox 557 3192 1130 3277; baseline 0 -22"><span class='ocrx_word' id='word_1_95' title='bbox 557 3192 622 3277; x_wconf 88' lang='lat' dir='ltr'>egit</span> <span class='ocrx_word' id='word_1_96' title='bbox 639 3214 737 3275; x_wconf 89' lang='lat' dir='ltr'>equos</span> <span class='ocrx_word' id='word_1_97' title='bbox 755 3194 976 3275; x_wconf 86' lang='lat' dir='ltr'>volucremque</span> <span class='ocrx_word' id='word_1_98' title='bbox 994 3214 1130 3269; x_wconf 87' lang='lat' dir='ltr'>currum,</span> 
     </span>
    </p>
   </div>
   <div class='ocr_carea' id='block_1_9' title="bbox 472 3328 1089 3673">
    <p class='ocr_par' dir='ltr' id='par_1_13' title="bbox 472 3328 1089 3673">
     <span class='ocr_line' id='line_1_24' title="bbox 472 3328 1057 3413; baseline 0 -22"><span class='ocrx_word' id='word_1_99' title='bbox 472 3349 534 3410; x_wconf 93' lang='lat' dir='ltr'>quo</span> <span class='ocrx_word' id='word_1_100' title='bbox 553 3328 645 3391; x_wconf 89' lang='lat' dir='ltr'>bruta</span> <span class='ocrx_word' id='word_1_101' title='bbox 662 3328 753 3392; x_wconf 91' lang='lat' dir='ltr'>tellus</span> <span class='ocrx_word' id='word_1_102' title='bbox 772 3337 803 3391; x_wconf 91' lang='lat' dir='ltr'>et</span> <span class='ocrx_word' id='word_1_103' title='bbox 821 3351 903 3413; x_wconf 86' lang='lat' dir='ltr'>vaga</span> <span class='ocrx_word' id='word_1_104' title='bbox 920 3328 1057 3405; x_wconf 83' lang='lat' dir='ltr'>flumina,</span> 
     </span>
     <span class='ocr_line' id='line_1_25' title="bbox 472 3420 1089 3505; baseline 0 -20"><span class='ocrx_word' id='word_1_105' title='bbox 472 3443 534 3504; x_wconf 93' lang='lat' dir='ltr'>quo</span> <span class='ocrx_word' id='word_1_106' title='bbox 554 3420 635 3505; x_wconf 85' lang='lat' dir='ltr'>Styx</span> <span class='ocrx_word' id='word_1_107' title='bbox 653 3431 684 3485; x_wconf 91' lang='lat' dir='ltr'>et</span> <span class='ocrx_word' id='word_1_108' title='bbox 700 3422 794 3485; x_wconf 85' lang='lat' dir='ltr'>invisi</span> <span class='ocrx_word' id='word_1_109' title='bbox 811 3421 937 3486; x_wconf 88' lang='lat' dir='ltr'>horrida</span> <span class='ocrx_word' id='word_1_110' title='bbox 954 3422 1089 3486; x_wconf 80' lang='lat' dir='ltr'>Taenali</span> 
     </span>
     <span class='ocr_line' id='line_1_26' title="bbox 515 3512 942 3596; baseline 0.002 -18"><span class='ocrx_word' id='word_1_111' title='bbox 515 3515 605 3578; x_wconf 90' lang='lat' dir='ltr'>sedes</span> <span class='ocrx_word' id='word_1_112' title='bbox 623 3512 854 3596; x_wconf 85' lang='lat' dir='ltr'>Atlanteusque</span> <span class='ocrx_word' id='word_1_113' title='bbox 872 3515 942 3580; x_wconf 90' lang='lat' dir='ltr'>fini&#39;s</span> 
     </span>
     <span class='ocr_line' id='line_1_27' title="bbox 557 3607 1070 3673; baseline 0.002 -2"><span class='ocrx_word' id='word_1_114' title='bbox 557 3607 739 3671; x_wconf 86' lang='lat' dir='ltr'>concutitur.</span> <span class='ocrx_word' id='word_1_115' title='bbox 758 3608 842 3671; x_wconf 87' lang='lat' dir='ltr'>valet</span> <span class='ocrx_word' id='word_1_116' title='bbox 859 3608 922 3671; x_wconf 90' lang='lat' dir='ltr'>ima</span> <span class='ocrx_word' id='word_1_117' title='bbox 940 3608 1070 3673; x_wconf 91' lang='lat' dir='ltr'>summis</span> 
     </span>
    </p>
   </div>
   <div class='ocr_carea' id='block_1_10' title="bbox 472 3743 1127 4113">
    <p class='ocr_par' dir='ltr' id='par_1_14' title="bbox 472 3743 1127 4113">
     <span class='ocr_line' id='line_1_28' title="bbox 472 3743 1091 3829; baseline 0.003 -24"><span class='ocrx_word' id='word_1_118' title='bbox 472 3752 606 3819; x_wconf 91' lang='lat' dir='ltr'>mutare,</span> <span class='ocrx_word' id='word_1_119' title='bbox 625 3754 656 3806; x_wconf 86' lang='lat' dir='ltr'>ot</span> <span class='ocrx_word' id='word_1_120' title='bbox 672 3743 828 3829; x_wconf 81' lang='lat' dir='ltr'>insignem</span> <span class='ocrx_word' id='word_1_121' title='bbox 847 3753 987 3807; x_wconf 88' lang='lat' dir='ltr'>attenuat</span> <span class='ocrx_word' id='word_1_122' title='bbox 1004 3744 1091 3820; x_wconf 88' lang='lat' dir='ltr'>deus,</span> 
     </span>
     <span class='ocr_line' id='line_1_29' title="bbox 473 3838 1127 3924; baseline -0.002 -21"><span class='ocrx_word' id='word_1_123' title='bbox 473 3838 605 3903; x_wconf 90' lang='lat' dir='ltr'>obscura</span> <span class='ocrx_word' id='word_1_124' title='bbox 622 3861 782 3923; x_wconf 86' lang='lat' dir='ltr'>promens3</span> <span class='ocrx_word' id='word_1_125' title='bbox 801 3840 874 3904; x_wconf 90' lang='lat' dir='ltr'>hinc</span> <span class='ocrx_word' id='word_1_126' title='bbox 892 3839 1011 3924; x_wconf 87' lang='lat' dir='ltr'>apicem</span> <span class='ocrx_word' id='word_1_127' title='bbox 1029 3862 1127 3924; x_wconf 83' lang='lat' dir='ltr'>rapax</span> 
     </span>
     <span class='ocr_line' id='line_1_30' title="bbox 515 3931 1003 3997; baseline 0.004 -2"><span class='ocrx_word' id='word_1_128' title='bbox 515 3931 655 3995; x_wconf 86' lang='lat' dir='ltr'>Fortuna</span> <span class='ocrx_word' id='word_1_129' title='bbox 672 3954 744 3995; x_wconf 90' lang='lat' dir='ltr'>eum</span> <span class='ocrx_word' id='word_1_130' title='bbox 763 3934 894 3997; x_wconf 87' lang='lat' dir='ltr'>stridore</span> <span class='ocrx_word' id='word_1_131' title='bbox 912 3942 1003 3997; x_wconf 87' lang='lat' dir='ltr'>acuto</span> 
     </span>
     <span class='ocr_line' id='line_1_31' title="bbox 559 4025 1070 4113; baseline 0.002 -24"><span class='ocrx_word' id='word_1_132' title='bbox 559 4026 697 4103; x_wconf 87' lang='lat' dir='ltr'>sustulit,</span> <span class='ocrx_word' id='word_1_133' title='bbox 715 4025 767 4090; x_wconf 93' lang='lat' dir='ltr'>hic</span> <span class='ocrx_word' id='word_1_134' title='bbox 783 4026 927 4110; x_wconf 86' lang='lat' dir='ltr'>posuisse</span> <span class='ocrx_word' id='word_1_135' title='bbox 945 4027 1070 4113; x_wconf 87' lang='lat' dir='ltr'>gaudet.</span> 
     </span>
    </p>
   </div>
   <div class='ocr_carea' id='block_1_11' title="bbox 0 0 1621 5442">
    <p class='ocr_par' dir='ltr' id='par_1_15' title="bbox 0 0 1621 5442">
     <span class='ocr_line' id='line_1_32' title="bbox 0 0 1621 5442; baseline 0 0"><span class='ocrx_word' id='word_1_136' title='bbox 0 0 1621 5442; x_wconf 95' lang='lat' dir='ltr'> </span> 
     </span>
    </p>
   </div>
  </div>
 </body>
</html>
