3225 5442
454 717 660 776 cARMINUM
677 720 752 773 LIB.
767 721 789 775 1.

276 877 410 941 invicem
428 875 574 939 moechos
593 898 672 940 anus
690 887 872 962 arrogantes

277 969 366 1034 flebis
383 968 417 1033 in
434 968 501 1033 solo
518 968 596 1033 levis
615 970 790 1055 angiportu,

278 1063 412 1127 Thracio
430 1061 603 1127 bacchante
620 1064 722 1149 magis
741 1064 800 1128 sub
819 1065 912 1129 inter-

340 1157 426 1220 lunia
443 1165 551 1231 vent03

277 1315 374 1376 quum
392 1293 449 1358 tibi
465 1293 602 1379 flagrans
620 1316 708 1358 amor
725 1305 757 1358 et
773 1295 880 1373 libido,

278 1409 358 1470 quae
376 1387 456 1451 solet
472 1397 587 1451 matres
605 1387 721 1452 furiare
739 1410 900 1471 equorum,

279 1481 397 1545 saeviet
414 1480 497 1544 circa
514 1480 600 1544 iecur
617 1481 801 1559 ulcerosum,

340 1597 403 1639 non
421 1574 489 1638 sine
506 1584 628 1657 questu,

277 1711 359 1775 laeta
375 1710 461 1793 quod
478 1708 578 1795 pubes
595 1710 712 1775 hedera
728 1711 839 1777 virenti

276 1804 413 1889 gaudeat
428 1803 516 1889 pulla
533 1804 635 1889 magis
653 1813 746 1887 atque
764 1812 888 1889 myrt0,'

204 1903 212 1922 '
279 1897 381 1961 aridas
399 1897 527 1962 frondes
545 1896 657 1963 hiemis
675 1897 775 1963 sodali

342 1991 464 2056 dedicet
481 1989 603 2056 Hebro.

447 2250 645 2311 GARMEN
665 2251 789 2310 XXVI.

341 2393 394 2442 nn
412 2394 547 2445 Musnrr
563 2394 614 2442 nn
633 2380 747 2444 numo
765 2395 898 2443 namn.

275 2516 380 2583 Musis
398 2519 517 2583 amicus
535 2518 691 2583 tristitiam
709 2529 741 2583 et
757 2530 860 2584 metus

198 2686 200 2690 ¹
276 2612 396 2676 tradam
413 2612 566 2697 protervis
584 2612 618 2676 in
634 2634 720 2677 mare
739 2611 899 2678 Creticum

317 2715 440 2791 portare
457 2706 574 2784 ventis,
594 2706 664 2790 quis
682 2707 741 2771 sub
759 2705 860 2771 Arcto

359 2822 415 2864 rex
432 2799 555 2886 gelidae
572 2810 729 2865 metuatur
746 2823 830 2880 orae,

276 2935 352 3018 quid
369 2936 542 3002 Tiridatem
559 2946 686 3015 terreat,
705 2938 797 3001 unice

277 3049 414 3093 securus.
433 3053 466 3107 0,
485 3030 723 3112 quaesentibus
741 3031 871 3116 integris

319 3122 454 3208 gaudee,
472 3124 594 3208 apricos
612 3133 702 3188 necte
719 3124 823 3201 flores,

248 3228 254 3237 “
361 3225 451 3280 necte
469 3238 539 3281 meo
557 3217 690 3282 Lamiae
708 3239 865 3293 coronam,

280 3342 424 3429 Pimplea
441 3344 557 3409 dulcis:
575 3344 620 3408 nil
638 3345 704 3409 sine
722 3354 753 3409 te
771 3345 834 3408 mei

274 3448 405 3521 prosunt
422 3438 571 3517 honores3
590 3439 674 3503 hunc
690 3439 805 3504 fidibus
824 3439 925 3515 novis,

319 3531 403 3596 hunc
420 3531 541 3597 Lesbio
560 3555 682 3597 sacrare
699 3533 818 3618 plectro

361 3639 453 3709 teque
472 3636 605 3713 tuasque
622 3628 713 3692 decet
730 3649 863 3692 sorores.

436 3886 635 3948 OARMEN
656 3888 797 3947 XXVII.

419 4030 489 4079 nn
536 4030 828 4082 sorianus.

255 4152 345 4219 Natis
363 4155 396 4219 in
414 4179 506 4220 usum
524 4156 659 4221 laetitiae
678 4155 805 4240 scyphis
894 4210 912 4252 ,Ι

255 4269 396 4333 pugnare
415 4249 573 4314 Thracum
591 4260 652 4314 est:
672 4249 769 4313 tollite
787 4248 955 4313 barbarum

299 4365 432 4422 morem,
451 4344 723 4425 verecundumque
741 4342 904 4407 Bacchum

343 4438 523 4524 sanguineis
541 4436 702 4523 prohibete
719 4437 805 4502 rixis.
