3225 5442
447 725 653 783 CARMINUM
670 726 744 781 LIB.
756 727 809 782 111.

489 991 687 1052 CARMEN
708 992 754 1050 X.

470 1134 524 1182 in
569 1134 778 1183 LYCEN.

261 1264 446 1329 Extremum
465 1261 588 1326 Tanain
606 1260 634 1325 si
651 1261 788 1337 biberes,
807 1261 897 1348 Lyco

262 1379 356 1422 saevo
372 1372 470 1440 nupta
487 1354 568 1430 viro,
587 1377 638 1418 me
656 1364 759 1419 tamen
778 1378 905 1441 asperas

301 1459 477 1535 porrectum
495 1462 567 1512 ante
585 1449 668 1514 sores
687 1448 820 1515 obiicere
838 1450 948 1514 incolis

343 1545 481 1629 plorares
500 1541 721 1625 Aquilonibus.

260 1682 363 1759 audis,
382 1703 444 1766 quo
463 1681 594 1765 strepitu
611 1681 716 1757 ianua,
736 1702 798 1763 quo
816 1704 926 1746 namus

259 1776 340 1840 inter
355 1775 487 1860 pulchra
504 1785 607 1840 satum
625 1783 706 1838 tecta
723 1775 878 1860 remugiat

301 1870 416 1947 ventis,
435 1880 466 1934 et
482 1869 602 1954 positas
620 1877 655 1931 ut
671 1868 786 1954 glaciet
803 1870 891 1933 nives

343 1987 421 2049 puro
439 1964 566 2028 numine
584 1963 743 2048 Iuppiter?

258 2104 412 2190 ingmtam
429 2103 545 2168 Veneri
563 2126 645 2189 pone
663 2102 855 2188 superbiam,

258 2220 297 2261 ne
315 2208 457 2262 currente
474 2206 557 2260 retro
574 2195 659 2261 funis
678 2207 728 2260 eat
746 2208 823 2260 rota

300 2314 363 2356 non
380 2300 411 2354 te
429 2290 609 2375 Penelopen
627 2289 786 2353 difficilem
803 2290 907 2375 procis

345 2383 528 2469 Tyrrhenus
545 2383 655 2469 genuit
671 2404 793 2467 parens.

258 2545 290 2598 0,
309 2520 453 2605 quamvis
470 2542 573 2603 neque
591 2530 621 2584 te
639 2542 768 2584 munera
785 2542 843 2584 nec
861 2542 970 2604 preces

256 2639 315 2681 nec
331 2616 446 2680 tinctus
463 2615 547 2679 viola
563 2614 663 2699 pallor
680 2615 850 2679 amantium

298 2731 356 2774 nec
373 2710 422 2773 vir
438 2708 543 2773 Pieria
559 2708 670 2793 pellice
689 2709 815 2774 saucius

340 2812 462 2880 curvat,
482 2801 675 2887 supplicibus
694 2803 755 2867 tuis

255 2961 379 3025 parcas,
398 2961 456 3003 nec
473 2938 575 3024 rigida
591 2938 714 3003 mollior
732 2941 866 3017 aesculo,

255 3055 313 3097 nec
329 3031 452 3096 Mamis
471 3032 609 3096 animum
626 3032 730 3096 mitior
747 3032 912 3119 anguibus.

296 3148 359 3189 non
376 3126 436 3190 hoc
455 3148 579 3211 semper
596 3126 654 3189 erit
670 3125 785 3190 liminis
804 3134 859 3190 aut
876 3147 975 3208 aquae

339 3220 481 3285 caelestis
498 3221 620 3304 patiens
638 3221 729 3285 latus.

479 3472 675 3533 CARMEN
696 3471 759 3530 XI.

441 3617 498 3665 nn
525 3617 796 3669 manuninum.

273 3739 413 3805 Mercuri
428 3780 471 3794 -—
490 3765 562 3806 nam
580 3751 611 3807 te
628 3744 737 3809 docilis
755 3743 908 3829 magistro

275 3834 373 3900 movit
388 3835 552 3920 Amphion
568 3835 688 3922 lapides
706 3839 848 3903 canendo
866 3876 907 3883 —

274 3938 369 4013 tuque
387 3930 511 3993 testudo
528 3952 674 3995 resonare
693 3941 813 4016 septem

337 4022 449 4086 callida
466 4024 580 4100 nervis,

272 4182 330 4224 neo
347 4159 464 4243 loquax
481 4161 555 4224 olim
572 4182 674 4244 neque
691 4170 794 4247 grata,
813 4182 898 4224 nunc
915 4170 946 4223 et

272 4253 404 4318 divitum
421 4254 539 4320 mensis
557 4265 589 4319 et
605 4254 707 4319 amica
724 4254 858 4339 templis,

272 4346 323 4409 dic
340 4348 465 4425 modos,
484 4348 579 4432 Lyde
596 4346 710 4431 quibus
728 4346 900 4411 obstinatas

336 4440 471 4525 applicet
487 4462 594 4519 aures3
