3225 5442
375 699 416 763 98

704 709 737 774 Q.
752 706 919 763 HORATII
931 706 1072 763 FLACCI

503 867 689 952 spectandus
707 867 741 929 in
758 866 926 929 certamine
943 864 1071 941 Martio,

502 962 616 1025 devota
633 960 725 1023 morti
742 968 870 1043 pectora
886 958 1003 1022 liberae

545 1054 669 1137 quantis
688 1053 834 1137 fatigaret
851 1052 963 1115 ruinis:

587 1146 750 1212 indomitas
768 1166 866 1230 prope
884 1145 986 1227 qualis
1004 1145 1106 1209 undas

501 1290 625 1346 exercet
642 1280 773 1356 Auster,
792 1279 957 1342 Pleiadum
977 1279 1071 1343 choro

500 1376 660 1439 scindente
678 1374 793 1450 nubes,
812 1373 946 1458 impiger
963 1373 1101 1437 hostium

542 1490 655 1531 vexare
674 1477 805 1543 turmas,
826 1476 857 1530 ct
874 1466 1059 1530 frementem

587 1561 708 1623 mittere
727 1581 842 1641 equum
860 1559 980 1623 medios
998 1581 1055 1643 per
1071 1560 1171 1645 ignes.

499 1688 545 1750 sic
562 1685 751 1751 tauriformis
770 1684 906 1748 volvitur
921 1683 1070 1762 Aufidus,

498 1780 553 1862 qui
569 1802 668 1864 regna
684 1778 792 1842 Dauni
810 1778 954 1862 praefluit
970 1776 1079 1863 Apuli,

542 1894 639 1954 quum
659 1872 758 1935 saeu‘t
774 1871 1023 1953 horrendamque
1042 1871 1133 1936 cultis

587 1966 735 2029 diluviem
754 1965 922 2027 meditatur
939 1965 1033 2049 agris,

501 2102 536 2158 ut
553 2093 755 2158 barbarorum
775 2091 929 2156 Claudius
947 2092 1074 2177 agmina

501 2188 616 2251 ferrata
634 2196 722 2250 vasto
740 2186 835 2248 diruit
851 2186 979 2271 impetu,

540 2281 720 2365 primosque
739 2289 770 2343 et
788 2288 944 2343 extremos
962 2279 1108 2343 metendo

585 2375 693 2437 stravit
711 2373 855 2450 humum,
876 2373 942 2436 sine
961 2373 1049 2437 clade
1067 2373 1175 2449 victor,

501 2510 531 2565 te
550 2502 669 2585 copias,
689 2512 719 2564 te
737 2501 901 2564 consilium
920 2510 950 2564 et
967 2509 1038 2565 tuos

498 2594 667 2679 praebente
685 2595 784 2658 divos.
802 2617 877 2657 uam
894 2593 964 2670 tibi,
984 2615 1046 2676 quo
1064 2593 1114 2656 die

544 2696 652 2772 portus
670 2686 871 2750 Alexandrea
890 2687 1023 2771 supplex

584 2790 616 2844 et
633 2803 764 2844 vacuam
776 2780 929 2864 patefecit
946 2779 1059 2853 aulam,

499 2909 623 2973 fortuna
640 2908 737 2971 lustro
755 2929 906 2992 prospera
924 2906 1013 2970 tertio

500 3001 573 3065 belli
592 3001 746 3065 secundos
765 3001 899 3064 reddidit
917 2999 1029 3075 exitus,

541 3094 727 3175 laudemque
745 3102 777 3156 et
794 3101 934 3177 optatum
952 3092 1085 3176 peractis

585 3187 722 3271 imperiis
741 3187 837 3249 decus
857 3185 1021 3270 arrogavit.
1090 3231 1093 3236 -

500 3322 530 3376 te
549 3312 708 3376 Cantaber
725 3335 788 3376 non
806 3322 877 3375 ante
896 3311 1060 3376 domabilis
1241 3375 1243 3379 Α

500 3406 679 3489 Medusque
697 3405 858 3481 albidus,
878 3414 908 3469 te
926 3406 1079 3491 profugus
1100 3403 1235 3489 Scythes

542 3500 684 3575 miratur,
703 3521 722 3562 o
740 3499 837 3562 tutela
853 3520 1001 3583 praesens

586 3592 693 3654 Italiae
711 3592 916 3674 dominaeque
934 3590 1068 3656 Romael

503 3728 548 3794 te,
568 3710 702 3781 ¹fontium
720 3718 773 3800 qui
792 3718 871 3781 celat
889 3718 1034 3803 origines,

500 3812 652 3893 Nilusque
670 3820 702 3874 et
718 3812 814 3888 lster,
833 3821 864 3875 te
881 3812 1009 3897 rapidus
1028 3809 1144 3895 Tigris,

543 3913 573 3967 te
592 3903 750 3968 belluosus
769 3905 823 3987 qui
840 3905 967 3968 remotis

585 3996 736 4081 obstrepit
754 3995 902 4062 Oceanus
920 3996 1097 4075 Britannis,

460 4170 467 4180 .
501 4134 532 4186 te
549 4146 612 4187 non
629 4123 772 4207 paventis
790 4124 902 4188 funera
921 4122 1052 4200 Galliac,

502 4218 659 4298 duraeque
678 4216 768 4280 tellus
786 4217 874 4298 audit
891 4216 1056 4293 Hiberiae;
1085 4281 1091 4301 ,

543 4320 573 4374 te
592 4310 687 4373 caede
705 4310 879 4393 gaudentes
900 4309 1070 4394 Sygambri

586 4403 766 4487 compositis
784 4413 971 4467 venerantur
989 4402 1093 4467 armis.
