3225 5442
339 698 432 742 LVIII
719 702 758 741 DE
778 702 846 743 VITA
864 704 901 743 ET
920 702 1042 743 SCRIPTIS

336 819 502 865 cunctanter
515 813 727 881 respondemus,
747 812 871 881 origines
890 818 922 865 ut
939 830 995 866 una
1012 814 1172 883 eademque
1194 832 1294 883 opera
1309 815 1391 869 etism
1403 815 1434 867 in-

334 880 456 949 ipsarum
467 886 608 950 tamquam
622 880 764 933 radicibus
775 881 833 932 suis
842 880 871 932 in
891 881 985 934 dolem
993 898 1027 934 ac
1037 883 1433 952 naturamEpistolarumHo·

335 949 482 1002 satirarum
501 949 652 1017 scriptione
677 947 783 1001 defixas
805 948 871 1001 hae·
888 948 1199 1004 ratiiinclarioreluce
1210 968 1369 1019 ponamus.

334 1033 406 1083 rere,
427 1034 509 1086 quam
524 1024 611 1085 poeta
630 1016 695 1069 olim
715 1016 870 1068 studiosius
913 1017 1014 1086 Itaque
1024 1017 1145 1085 primum
1156 1018 1283 1088 quidem
1299 1019 1432 1073 materiam

335 1086 476 1138 coluisset.
496 1083 869 1154 Namquodnuperfuitqui
890 1083 913 1135 si
931 1090 1091 1153 spectamus
1132 1085 1164 1137 in
1202 1102 1266 1155 qua
1295 1088 1434 1140 tractanda

334 1170 382 1206 ens
402 1170 464 1205 curn
483 1153 545 1205 edis
565 1153 744 1220 cognatiorcs
757 1156 871 1220 putaret
888 1152 1060 1206 Horatianae
1091 1125 1246 1221 Ilpistolae
1284 1163 1432 1221 versantur,

334 1226 362 1274 et
375 1221 456 1290 lyrici
472 1237 534 1274 esse
549 1220 660 1289 generis
672 1226 809 1287 censeret,
828 1225 869 1271 ut-
888 1221 1030 1288 pertinent
1046 1221 1113 1273 illae
1131 1238 1195 1274 non
1214 1235 1280 1275 tam
1295 1224 1337 1276 ad
1350 1230 1432 1277 taxan-

333 1296 400 1356 pote
411 1289 447 1341 ab
457 1288 561 1340 intimis
571 1288 656 1341 animi
667 1289 796 1341 sensibus
806 1305 869 1355 pro·
889 1289 941 1341 des
961 1295 989 1342 et
1001 1289 1136 1341 ridendos
1155 1306 1324 1357 perversos
1344 1307 1433 1359 aequa·

333 1358 451 1422 sectas,1
473 1356 593 1409 fatemur
607 1373 660 1408 nos
679 1356 714 1409 ab
734 1356 787 1409 hac
807 1373 869 1408 sen·
888 1356 954 1407 lium
980 1372 1071 1409 meres
1099 1362 1189 1425 atque
1210 1358 1331 1426 studia,
1352 1376 1432 1429 quan·

333 1424 420 1477 tentia
430 1424 591 1493 longissime
603 1424 756 1477 discedere.
783 1423 869 1478 Nimi-
889 1441 973 1493 quam
992 1424 1112 1477 subinde
1132 1427 1204 1477 item
1222 1426 1345 1480 habent
1362 1427 1432 1479 urba·

333 1509 392 1543 rum
405 1491 512 1544 habent
527 1498 601 1545 certe
621 1509 683 1544 eum
702 1492 795 1544 satiris
814 1492 869 1544 hec
888 1508 952 1544 nam
984 1492 1125 1561 quandam
1152 1492 1328 1548 irrisionem
1360 1500 1432 1563 atque

333 1576 486 1626 commune,
507 1560 583 1628 quod
592 1559 697 1628 pariter
706 1565 791 1628 atque
801 1559 867 1611 illae
889 1559 1105 1626 cavillationem,
1122 1576 1211 1629 quam
1221 1562 1329 1630 potius
1340 1564 1432 1631 adpro-

332 1626 436 1679 iudicia
444 1635 546 1695 poetae
562 1627 665 1680 devita
680 1626 819 1679 communi
830 1632 868 1680 at·
888 1628 1008 1680 dendam
1021 1628 1288 1699 illustrandamque
1299 1631 1432 1699 propriam

333 1712 387 1764 quc
405 1695 529 1748 moribus
552 1702 581 1748 et
604 1695 704 1747 studiis
726 1695 868 1747 bominum
888 1695 976 1762 ipsius
999 1701 1102 1763 poetae
1128 1696 1312 1763 sapientiam
1336 1707 1365 1752 et
1381 1715 1432 1751 sen-

331 1763 509 1831 patcfaciunt
530 1764 564 1815 a'c
587 1764 744 1827 declarant,
774 1780 868 1842 quam·
888 1762 976 1816 tiendi
989 1763 1192 1833 iudicandique
1213 1766 1365 1821 rationem
1383 1766 1431 1819 diu-

333 1848 414 1899 quam
428 1831 457 1883 id
470 1831 570 1899 ipsum,
591 1830 672 1883 sicuti
685 1848 748 1882 mox
763 1830 868 1884 videbi·
888 1832 1012 1883 turniore
1023 1831 1096 1884 vitae
1107 1848 1161 1883 usu
1172 1833 1348 1902 collectam,
1356 1851 1432 1903 quau-

330 1915 401 1965 inus,
412 1899 441 1952 iu
455 1899 488 1950 iis
499 1898 594 1967 paullo
605 1899 687 1952 aliter
695 1897 728 1950 fit
742 1916 826 1968 quam
840 1899 868 1950 in
888 1898 1039 1967 doquidem
1048 1899 1076 1951 in
1087 1898 1121 1951 iis
1136 1898 1200 1953 fere
1211 1902 1343 1956 moralia
1357 1907 1431 1971 atque

332 1963 438 2018 Satiris.
457 1966 756 2036 quuodunumqucm
778 1983 813 2019 ue
824 1968 868 2019 vel
887 1966 1023 2020 litteraria
1044 1973 1248 2035 proponuntur
1270 1976 1431 2039 praecepta,

331 2033 432 2103 exigua
448 2036 549 2088 doecre
564 2039 660 2113 potest
680 1985 867 2087 consideratio
888 2034 990 2113 quibus
1005 2034 1164 2104 aequalium
1179 2037 1283 2091 studia
1305 2044 1337 2091 et
1351 2036 1431 2092 consi·

331 2102 867 2181 argumentorum,1nquibustractandis
887 2103 925 2155 ha
936 2102 1079 2170 sapienter
1091 2108 1241 2171 regantur.
1270 2105 1349 2176 Agit
1356 2105 1431 2175 igitur

331 2176 485 2222 versantur.
519 2170 679 2222 Inscrvrunt
693 2170 766 2222 enim
780 2188 868 2238 prope
886 2170 1022 2223 Horatius
1035 2170 1065 2223 in
1078 2170 1219 2238 Epistolis
1241 2173 1305 2226 suis
1322 2173 1429 2227 omuino

332 2255 429 2290 ornnes
441 2238 615 2305 explicandis
627 2238 868 2306 sapienterviven-
886 2238 988 2305 hoc,ut
997 2238 1124 2291 homines
1133 2238 1430 2311 instruantursapien·

331 2305 359 2357 di
385 2305 558 2373 praeceptis,
586 2306 760 2358 illustrandis
783 2306 867 2359 variis
886 2306 942 2359 tiae
972 2306 1073 2374 opibus
1097 2310 1183 2375 atque
1208 2315 1388 2363 moneantur
1408 2314 1431 2361 ct

331 2372 472 2438 hominum
499 2373 637 2440 moribus,
674 2374 794 2443 denique
823 2391 867 2427 ex·
887 2376 1067 2441 edoceantur,
1088 2374 1156 2443 quid
1174 2373 1204 2427 in
1226 2376 1308 2431 vitae
1325 2377 1430 2431 actione

330 2440 468 2507 ponendis
486 2440 734 2510 illuminandisque
753 2443 787 2495 de
808 2449 867 2495 arte
886 2448 971 2511 atque
986 2442 1014 2494 in
1024 2441 1180 2495 litterarum
1195 2444 1305 2497 studiis
1320 2446 1428 2508 bonum,

330 2523 452 2575 poeseos
468 2512 496 2560 et
509 2507 664 2559 litterarum
683 2510 867 2578 ingenuarum
886 2527 982 2563 rerum
997 2516 1026 2563 et
1037 2510 1186 2578 pulchrum
1206 2511 1256 2564 sit.
1292 2513 1430 2575 Quocirca

332 2574 424 2627 studio
436 2574 555 2653 iudiciis,
576 2575 631 2627 hoc
645 2577 756 2645 quidem
771 2578 867 2629 diseri-
886 2578 979 2630 inillis
990 2577 1048 2631 fere
1063 2594 1197 2646 expressa
1214 2580 1349 2633 cernitur
1362 2579 1428 2633 mitis

331 2642 413 2710 mine,
428 2642 569 2710 utprioris
580 2643 644 2695 libri
655 2645 792 2711 epistolae
807 2645 866 2698 fere
887 2646 1031 2699 cuiusdam
1054 2645 1211 2714 sapientiae
1233 2646 1382 2702 institutio
1400 2664 1429 2701 ac

331 2709 416 2762 ethici
436 2710 492 2762 sint
509 2711 634 2780 generis,
653 2712 743 2765 rarius
762 2713 866 2766 littera·
886 2714 1048 2782 disciplina,
1071 2718 1240 2767 nontamen
1259 2732 1367 2770 aversa
1385 2716 1428 2768 illa

330 2794 390 2829 rum
402 2778 495 2832 studia
506 2778 658 2849 attingant3
668 2782 809 2848 posterior
819 2798 866 2834 au·
886 2781 1006 2835 afaceta
1016 2788 1045 2835 et
1054 2783 1163 2835 urbana
1173 2781 1293 2835 iocandi
1307 2784 1427 2837 ridendi-

330 2852 385 2898 tem
396 2845 468 2899 liber
477 2846 559 2900 unice
573 2848 601 2900 in
611 2848 695 2901 rebus
710 2848 746 2901 ad
756 2848 866 2901 litteras
886 2866 941 2919 que
951 2850 1101 2916 hilaritate,
1123 2865 1215 2918 neque
1231 2851 1324 2918 plane
1339 2852 1427 2905 aliena

331 2914 503 2984 maximeque
529 2916 629 2984 poesin
659 2916 866 2984 pcrtinentibus
885 2918 921 2970 ab
941 2918 1050 2970 urbana
1067 2916 1205 2985 irrisione,
1226 2920 1326 2997 qualis
1347 2919 1427 2972 domi·

331 2989 484 3051 occupatus
495 2983 538 3036 sit.
562 2983 618 3037 Sed
648 2981 828 3038 uumSatirae
839 2990 868 3037 et
886 2990 968 3038 natur
981 2985 1071 3053 Epist.
1085 2985 1106 3037 I.
1122 2986 1171 3051 19,
1190 2985 1241 3038 ubi
1257 2987 1367 3056 duplex
1384 2988 1426 3039 ho·

329 3050 475 3119 Epistolae
499 3052 576 3105 haud
595 3002 679 3104 dubie
697 3051 866 3105 iudicandae
885 3054 988 3105 minum
1007 3070 1109 3121 genus,
1133 3053 1256 3105 alterum
1275 3055 1425 3108 malevolo·

330 3119 386 3171 sint
395 3119 513 3173 maxima
523 3120 597 3172 inter
607 3137 636 3173 se
652 3119 822 3188 cognatione
834 3137 866 3172 ae
885 3138 945 3172 rum
956 3122 1186 3187 obtrectatorum,
1202 3120 1327 3175 alterum
1339 3138 1427 3176 serro-

330 3187 510 3242 similitudine
530 3187 676 3255 contineri,
695 3194 789 3241 tamon
804 3204 866 3240 eae·
886 3206 945 3240 rum
958 3188 1135 3256 imitatorum,
1156 3188 1224 3240 satis
1244 3190 1354 3244 aeriter
1373 3207 1427 3243 eor-

330 3256 392 3308 dem
407 3256 491 3308 etiam
505 3255 730 3309 dissimilitudine
746 3256 867 3324 quadam
885 3255 993 3323 ripitur.
1033 3256 1182 3309 Enimvero
1209 3257 1289 3310 hanc
1316 3258 1427 3327 quidem

330 3340 346 3375 a
357 3322 516 3376 seinvicem
527 3324 703 3376 distinentur.
732 3323 816 3387 Quod
827 3330 866 3377 ta·
886 3324 997 3377 iocandi
1008 3324 1174 3393 ridendique
1189 3326 1427 3379 consuetudinem

330 3395 539 3458 rnenquatenus
550 3391 589 3443 ita
598 3390 716 3442 iudicari
727 3397 865 3459 oporteat,
886 3392 1028 3460 propriam
1054 3391 1141 3445 fuisse
1168 3398 1275 3459 poetae
1304 3394 1426 3463 ingenio,

330 3456 381 3507 viri
392 3457 467 3509 docti
478 3474 561 3524 saepe
572 3458 661 3525 magis
677 3475 761 3509 sensu
771 3476 866 3526 perce·
886 3460 969 3513 etiam
980 3465 1074 3513 cetera
1083 3459 1143 3512 eius
1157 3466 1294 3527 poemata
1308 3462 1426 3530 loquun-

329 3522 414 3590 pisse,
422 3540 504 3592 quam
516 3530 591 3576 certo
602 3524 702 3576 mentis
712 3524 815 3578 iudicio
823 3543 866 3579 ex·
885 3535 938 3595 tur,
957 3533 989 3578 ut
1027 3545 1095 3595 rope
1115 3544 1131 3580 a
1150 3533 1241 3580 semet
1258 3528 1326 3597 ipso
1340 3528 1426 3582 desci-

330 3591 469 3658 ploratum
476 3590 753 3644 babuisscvideutur.
765 3596 865 3655 Quam·
886 3595 958 3648 visse
968 3546 1136 3647 iudicandus
1146 3600 1231 3662 esset,
1243 3595 1267 3647 si
1278 3613 1316 3650 ea
1326 3597 1356 3649 in
1366 3596 1427 3665 Epi·

331 3658 424 3710 ebrem
439 3659 473 3710 dc
489 3658 649 3712 discrimine
665 3657 819 3712 Satirarum
839 3668 867 3714 ct
886 3663 1185 3716 stolisdesideraretur.
1196 3661 1427 3734 Sedquamquam
1447 3723 1449 3729 ,

330 3725 521 3793 Epistolarum
551 3725 770 3780 Horatianamm
797 3731 865 3781 mul·
884 3730 990 3798 passim
1016 3730 1173 3783 istiusmodi
1199 3731 1276 3784 sales
1307 3731 1427 3786 orationi

330 3799 388 3845 tum
402 3793 430 3846 in
449 3799 595 3863 utramque
615 3802 723 3863 partem
742 3796 865 3865 disputa·
885 3798 1000 3851 admixti
1015 3804 1089 3865 sunt,
1109 3804 1203 3851 tamen
1219 3799 1339 3854 omnino
1354 3807 1427 3854 certe

330 3868 387 3914 tum
402 3868 453 3928 est,
470 3862 532 3915 aliis
546 3862 617 3914 nihil
630 3862 689 3916 fere
705 3864 865 3934 discrepari·
886 3867 914 3918 in
933 3866 1070 3934 Epistolis
1089 3867 1263 3919 moderatam
1285 3868 1427 3936 quandam

331 3930 385 3984 tiae
400 3931 620 4001 interutrasque
636 3931 761 3987 obtinere
773 3934 865 3987 existi·
886 3934 1041 4002 sapientiae
1053 3934 1230 4002 disciplinam
1245 3950 1275 3987 re
1302 3952 1372 3989 nare
1382 3952 1424 3989 ne·

331 4000 485 4067 mantibus,
523 3999 585 4052 aliis
613 4001 783 4053 centrarium
812 4008 865 4055 sta·
884 4019 928 4054 mo
938 4001 1022 4054 facile
1032 4000 1138 4054 infitias
1153 4001 1242 4058 iverit.
1276 3952 1427 4065 &uinsunt

331 4069 482 4122 tuentibus.
518 4068 618 4138 Itaque
645 4068 754 4122 iuvabit
779 4070 864 4122 misso
884 4070 968 4121 etiam
982 4071 1118 4122 nonnulla
1132 4068 1219 4137 ipsius
1235 4068 1373 4137 epistolia
1390 4070 1426 4123 ita

330 4137 468 4190 variarum
479 4136 513 4189 dc
523 4136 577 4190 hac
587 4155 617 4191 re
628 4136 791 4206 opinionum
802 4155 865 4191 exa·
885 4144 1055 4204 comparata,
1075 4144 1106 4189 ut
1119 4137 1203 4205 plane
1214 4138 1252 4189 ad
1268 4138 1426 4208 vulgarium

330 4205 402 4258 mine
430 4204 563 4258 continuo
590 4205 768 4274 exposuisse,
798 4206 864 4274 quid
884 4204 1067 4272 epistolarum
1089 4223 1171 4257 usum
1194 4211 1222 4258 et
1245 4205 1426 4259 consuetudi-

331 4271 383 4339 ipsi
410 4274 444 4326 de
471 4289 501 4325 re
524 4290 659 4351 perquam
683 4279 865 4327 controversa
883 4290 946 4326 nem
957 4274 1092 4326 accedere
1104 4273 1260 4325 videantur.
1284 4274 1426 4337 Quorsum

332 4340 492 4405 sentiamus,
513 4358 536 4392 s1
550 4341 624 4394 forte
639 4341 678 4393 ita
692 4340 753 4393 fieri
763 4342 863 4410 possit,
883 4342 1006 4419 pertinet
1019 4340 1202 4419 epistolailla
1211 4340 1276 4419 Lib:
1287 4339 1371 4422 1513„
1383 4358 1426 4394 cu·

334 4419 366 4479 —l
382 4443 487 4482 Obbnrlus
501 4444 646 4483 Commentnr.
666 4446 687 4482 in
702 4446 776 4483 llornt.
792 4447 863 4495 Epist.
883 4426 925 4460 lus
953 4409 1037 4462 m⁰d⁰
1059 4414 1239 4487 .m⁰nt¹⁰n⁰m
1268 4425 1424 4487 mleelmup’

332 4492 347 4529 r.
361 4494 377 4530 1.
388 4504 409 4541 p.
420 4497 451 4532 rr.
872 4458 940 4545 lqua
953 4483 1039 4546 poeta
1057 4493 1153 4530 iocose
1172 4476 1328 4529 admodum
1342 4477 1425 4533 Vrmo
