3225 5442
463 828 670 887 CARMINUM
687 829 761 885 LIB.
775 832 798 885 1.

265 988 340 1072 quid
357 988 444 1072 prius
462 987 565 1050 dicam
584 986 682 1052 solitis
701 986 845 1051 Parentis

264 1081 422 1158 laudibus,
442 1080 563 1163 quires
581 1080 742 1145 hominum
761 1091 792 1144 et
810 1082 949 1158 deorum,

264 1175 319 1258 qui
336 1196 421 1238 mare
439 1196 478 1238 ao
496 1185 593 1239 terras
610 1174 767 1258 variisque
785 1167 938 1240 mundum

327 1276 479 1353 temperat
496 1267 600 1334 horis?

263 1407 346 1470 unde
364 1406 408 1469 nil
426 1405 528 1469 maius
545 1413 713 1491 generatur
730 1406 809 1491 ipso,

262 1522 320 1565 neo
337 1500 424 1585 viget
441 1500 612 1582 quidquam
630 1500 730 1564 simile
749 1509 803 1563 aut
822 1502 1004 1566 secundum.
1065 1488 1070 1495 ¹

262 1594 420 1678 proximos
438 1593 482 1657 illi
502 1603 605 1658 tamen
623 1594 787 1678 occupavit

327 1687 433 1751 Pallas
452 1687 596 1751 honores.

262 1815 387 1899 proeliis
406 1816 523 1891 audax,
542 1836 644 1897 neque
662 1825 692 1879 te
711 1815 819 1892 silebo,

263 1906 374 1984 Liber,
394 1918 426 1973 et
443 1908 546 1973 saevis
563 1909 689 1973 inimica
706 1908 815 1995 Virgo·

262 2000 388 2079 belluis,
406 2024 465 2066 neo
484 2011 528 2079 te,
547 2003 713 2067 metuende
732 2013 817 2067 certa

325 2094 455 2159 Phoebe
474 2096 597 2181 sagitta.

261 2223 363 2286 <licam
381 2233 412 2287 et
429 2223 564 2287 Alciden
582 2246 762 2308 puerosque.
777 2225 897 2301 Ledae,

261 2316 344 2380 hune
363 2318 464 2400 equis,
483 2317 571 2380 illum
590 2340 737 2402 superare
755 2320 870 2404 pugnis

260 2409 413 2487 nobilem3·
430 2433 564 2494 quorum
582 2411 676 2475 simul
694 2412 766 2477 alba
782 2413 886 2477 nautis

326 2505 417 2569 stella
433 2504 565 2581 refulsit,

261 2632 369 2696 defluit
388 2632 472 2697 saxis
492 2634 628 2720 agitatus
647 2635 769 2711 humor,

260 2726 427 2790 concidunt
444 2727 530 2790 venti
547 2727 735 2814 fugiuntque
753 2728 864 2806 nubes,

260 2831 291 2885 et
308 2822 428 2899 minax,
448 2823 533 2905 quod
551 2822 597 2886 sio
614 2822 755 2899 voluere,
773 2832 870 2908 ponto
958 2889 960 2894 ,
1072 2836 1076 2843 “

323 2915 407 2980 unda
421 2915 586 2981 recumbit.

258 3044 428 3108 Romulum
446 3054 519 3129 post
535 3045 593 3109 hos
611 3048 698 3131 prius
717 3071 757 3111 an
775 3047 915 3130 quietum

259 3138 398 3222 Pompili
415 3161 547 3223 regnum
566 3163 736 3205 memorem
754 3164 794 3205 au
814 3140 965 3226 superbos

259 3231 411 3315 Tarquini
430 3233 546 3310 fasces,
566 3234 689 3311 dubito,
709 3259 749 3299 an
768 3234 899 3299 Catonis

316 3325 426 3390 ‘nobile
443 3327 549 3390 letum.

258 3452 417 3539 Regulum
435 3462 466 3516 et
485 3451 636 3532 Scauros,
656 3455 840 3539 animaeque
857 3477 991 3541 magnae

258 3548 426 3632 prodigum
442 3547 591 3612 Paullum
610 3557 777 3633 superante
795 3549 913 3626 Poen0,

258 3650 367 3726 gratus
385 3640 501 3727 insigni
519 3643 653 3707 referam
673 3642 823 3720 Camena,

322 3735 574 3818 Fabriciumque.

257 3860 340 3925 hune
359 3872 389 3926 et
406 3864 551 3928 incomtis
572 3863 704 3929 Curium
722 3867 842 3951 capillis

257 3956 365 4019 utilem
382 3956 465 4021 bello
484 3957 554 4021 tulit
571 3969 603 4022 et
622 3958 791 4023 Camillum

252 4072 352 4114 saeva
369 4062 536 4135 paupertas
555 4063 586 4116 et
604 4054 706 4118 avitus
725 4064 797 4139 apto

321 4168 392 4209 cum
410 4146 474 4210 lare
492 4148 620 4211 fundus.
668 4170 670 4173 ’

256 4275 368 4338 erescit
385 4275 506 4339 occulto
525 4276 610 4339 velut
628 4276 720 4340 arbor
737 4298 815 4340 aevo

255 4367 341 4432 fama
358 4368 517 4447 Mareelli3
535 4370 631 4433 micat
648 4370 729 4434 inter
746 4392 856 4435 omnes

255 4461 372 4526 Iulium
390 4464 476 4527 sidus
496 4464 580 4527 velut
598 4463 678 4528 inter
695 4464 784 4550 ignes

319 4556 394 4622 luna
411 4558 557 4621 minores.

1103 821 1141 886 ll
