3225 5442
311 698 390 742 LXII
691 699 730 738 DE
750 699 818 738 VITA
836 700 873 738 ET
892 698 1013 757 scalenis

309 813 399 866 tinent
408 828 475 865 sanc
487 811 570 866 etiam
580 809 717 878 epistolae
728 808 846 862 familia·
866 809 933 877 112,
939 808 1017 863 ΞΜ
1025 825 1083 861 mee
1092 826 1197 863 saeuas
1211 813 1343 881 r'aryeres
1352 810 1411 880 (olfi-

309 898 354 934 res
366 898 428 933 cum
439 880 535 933 amicis
550 894 703 945 sermones,
719 877 846 947 quamvis
866 877 923 945 cia)
933 880 968 929 ud
978 887 1000 930 te
1014 879 1084 949 qaod
1096 880 1229 946 epistol
1236 898 1255 932 α
1270 882 1411 933 multaveri-

310 949 365 1002 alio
376 950 459 1001 modo
476 948 605 1016 scriptos.
640 946 701 1000 Nec
715 962 780 999 vero
796 946 846 997 du·
865 954 1004 998 ret.——
1023 945 1149 1005 Quereris
1168 965 1256 1017 snper
1274 951 1325 1001 hoc
1342 951 1411 1014 etiarn,

310 1018 393 1071 bitari
412 1017 491 1083 licet,
516 1015 583 1085 quin
601 1015 662 1083 ipsc
680 1020 765 1082 poeta
782 1013 934 1096 illas,qaod
951 1023 1097 1082 exspectata
1111 1015 1162 1066 tibi
1174 1034 1233 1067 non
1249 1019 1352 1070 mittam
1365 1034 1410 1069 cur·

308 1104 455 1138 sermonum
477 1083 589 1136 nomine
607 1081 797 1151 insigniverit,
816 1087 848 1132 ut
865 1083 1066 1134 rriiaomemlon:
1085 1081 1136 1134 ubi
1152 1085 1267 1151 procul
1278 1085 1410 1138 dubioru-

309 1154 364 1207 iam
375 1151 658 1221 supraostendimu53
672 1168 697 1203 v.
706 1148 795 1217 Epist.
810 1149 845 1201 ΙΙ.
866 1150 1011 1218 gitandum
1026 1155 1070 1202 est
1088 1150 1123 1202 de
1146 1152 1285 1219 epistola
1300 1153 1409 1221 poetica,

310 1224 335 1290 1,
354 1221 413 1275 250.
450 1222 624 1288 Quamquam
649 1218 763 1286 longius
782 1234 845 1285 pro·
866 1216 1096 1287 quandoquidem
1107 1226 1311 1287 opponuntur
1320 1222 1409 1289 episto·

310 1289 429 1343 cessisse
439 1287 583 1340 iudicandi
594 1294 667 1354 sunt,
680 1285 703 1338 si
713 1285 760 1354 qui
770 1284 799 1337 id
810 1285 845 1337 ab
865 1286 909 1339 lae
928 1288 1056 1354 carmina,
1075 1285 1094 1338 i.
1113 1303 1138 1339 e.
1158 1295 1309 1355 poemata
1325 1289 1409 1359 lyrica.

309 1358 316 1409 i
340 1375 371 1410 so
382 1356 502 1409 Horatio
517 1355 545 1407 in
560 1372 655 1408 earum
669 1354 792 1407 editione
808 1353 847 1405 ita
865 1353 986 1406 Accedit
995 1354 1031 1407 ad
1040 1354 1120 1421 haec,
1137 1357 1223 1423 quod
1240 1363 1274 1411 et
1284 1373 1408 1427 gramma-

323 1431 414 1478 actum
442 1440 504 1476 esso
536 1423 756 1475 iudicaverunt.1
795 1419 848 1474 Est
865 1422 922 1487 tici,
941 1422 1028 1475 veluti
1046 1420 1216 1476 Priscianus
1241 1431 1275 1479 et
1300 1424 1408 1478 scholia-

310 1493 384 1546 cnim
401 1491 497 1560 potius
517 1491 664 1557 credibile,
688 1489 846 1555 Horatium,
866 1495 926 1543 stae
949 1491 987 1542 ad
1005 1488 1063 1543 Sat.
1085 1490 1108 1543 L
1126 1490 1153 1542 1.
1180 1497 1212 1544 et
1229 1491 1408 1547 vetustissimi

311 1578 395 1631 quum
406 1559 588 1627 epistolarum
599 1557 779 1637 scriptionem
788 1574 846 1609 non
866 1558 978 1611 codices
988 1574 1090 1611 nomen
1096 1560 1407 1628 epistolnramconstan-

308 1636 436 1697 tempore
446 1633 555 1681 tantum
566 1628 706 1680 sedetiam
713 1626 846 1678 materiae
865 1632 908 1679 ter
923 1631 1046 1679 tuentur.
1081 1625 1177 1689 Quam
1196 1627 1407 1698 inscriptionem

310 1703 339 1752 ct
348 1697 454 1749 formae
464 1695 573 1748 ratione
584 1693 846 1747 asatirisdistinxis-
865 1695 937 1747 unde
952 1695 1066 1747 tandem
1080 1697 1278 1761 repetendam
1292 1696 1407 1752 censebi-

312 1772 367 1829 set,
393 1765 423 1816 id
445 1764 536 1833 ipsum
561 1762 645 1816 otiam
662 1762 846 1831 inscriptione
866 1780 926 1815 mus
952 1761 1006 1814 nisi
1029 1762 1065 1815 ab
1088 1762 1193 1816 ultima
1222 1763 1408 1836 antiquitate?

312 1832 404 1902 operis
415 1832 533 1885 indicari
542 1831 674 1884 voluisse.
706 1830 846 1893 Quamob-
865 1830 998 1899 Denique
1008 1846 1075 1883 vero
1086 1829 1174 1883 etiam
1188 1832 1268 1886 illud
1282 1840 1406 1903 reputan-

310 1920 368 1955 rem
382 1918 435 1953 nec
444 1903 586 1953 satirarum
602 1915 706 1951 nomen
719 1897 847 1966 epistolis
867 1899 933 1950 dum
943 1903 994 1965 est,
1014 1899 1049 1951 de
1064 1897 1194 1966 quoiam
1210 1901 1407 1955 monuimusin

309 1969 441 2023 tribuisse
465 1968 588 2035 videtur,
616 1965 794 2036 quantumvis
813 1982 847 2019 eo
867 1965 1072 2035 superioribus,
1094 1966 1223 2035 probato
1243 1972 1406 2038 epistolarum

311 2042 423 2091 constet
439 2043 553 2105 postera
575 2040 668 2090 aetate
688 2034 772 2087 etiam
789 2033 847 2113 epi·
866 2035 948 2087 titulo
960 2034 1104 2087 commode
1114 2034 1192 2088 inter
1207 2053 1239 2091 se
1255 2038 1365 2107 opponi
1372 2056 1406 2090 su·

311 2106 399 2158 stolas
409 2104 502 2157 notari
513 2103 702 2157 consuevisse.
720 2102 765 2154 Ita
774 2119 847 2154 enlm
867 2105 930 2155 tirus
940 2108 1024 2171 atque
1034 2105 1164 2171 epistolas,
1181 2104 1252 2157 dnm
1268 2123 1406 2159 sermonum

311 2172 427 2227 Sueten.
446 2173 503 2227 Vit.
517 2172 616 2225 Horat.
637 2176 706 2224 extr.
732 2171 848 2234 „Habita
866 2187 969 2223 nomen
979 2170 1016 2223 ab
1027 2169 1089 2248 ipso
1099 2176 1189 2239 poeta
1203 2172 1359 2244 utriusque
1367 2190 1406 2243 gc·

311 2243 429 2310 corporis
440 2242 521 2292 breuis
531 2243 579 2308 suit
590 2249 665 2308 atque
676 2240 772 2297 obesus,
784 2256 847 2307 qua·
867 2238 942 2292 neris
956 2239 1127 2291 carmrnibus
1142 2238 1180 2291 ob
1198 2239 1406 2295 similitudinem

312 2313 447 2363 lisasemet
455 2311 511 2376 ipso
521 2310 548 2359 in
557 2309 670 2359 satiris
678 2308 847 2358 describitur·“
868 2324 928 2359 cum
938 2306 1013 2360 vitae
1025 2305 1189 2426 quotidinae
1202 2309 1406 2364 confabulatio

311 2378 361 2429 ubi
370 2375 520 2429 manifesto
531 2375 680 2441 respicitur
693 2375 774 2427 locus
783 2373 848 2442 Epi·
867 2374 950 2427 nibus
969 2375 1026 2427 hau
1064 2390 1130 2427 sane
1144 2374 1246 2443 inepte
1261 2378 1353 2431 tribui
1364 2394 1405 2447 po-

314 2444 377 2497 stol.
400 2444 422 2495 Ι.
444 2442 478 2494 20
510 2441 551 2493 24.
576 2442 672 2493 Sidon.
690 2440 847 2509 Apollinar.
867 2443 928 2496 tuit.
964 2442 1043 2506 Quae
1063 2459 1148 2512 quum
1165 2442 1210 2497 ita
1229 2444 1303 2513 sint,
1322 2461 1405 2516 neque

313 2510 402 2564 Carm.
413 2510 464 2562 IX.
474 2482 534 2561 i23.
561 2510 847 2577 Nonqaodpersati-
867 2529 1013 2563 sermonum
1030 2526 1134 2563 nomen
1159 2514 1359 2577 spernendum
1374 2512 1405 2565 ri·

311 2597 378 2640 rus,
389 2580 597 2647 epistolarum
611 2594 849 2647 sermonumque
868 2580 958 2646 detur,
973 2594 1065 2648 neque
1075 2580 1250 2647 epistolarum
1264 2580 1404 2651 inscriptio

312 2650 409 2711 solea,
427 2663 572 2714 aevumque
581 2646 687 2713 epodon,
702 2646 781 2697 libros
791 2664 849 2698 cor·
867 2646 1034 2713 reiicienda,
1059 2646 1164 2725 quippe
1183 2658 1262 2716 quac
1281 2648 1329 2702 his
1346 2665 1404 2719 poe·

312 2716 387 2767 minis
396 2731 428 2765 ac
436 2715 566 2782 poeticam
580 2716 793 2765 ortem—voluit
808 2732 848 2765 so·
868 2714 949 2767 matis
967 2730 1000 2767 eo
1020 2714 1138 2766 consil10
1152 2714 1293 2783 imposita
1311 2725 1364 2785 est,
1380 2721 1405 2769 ut

312 2801 378 2835 aare
389 2784 507 2834 Flaccus.
545 2780 710 2845 Quintilian.
720 2780 756 2833 X.
771 2783 796 2848 1,
807 2781 849 2833 94.
867 2782 980 2836 facilius
990 2784 1102 2835 aealiris
1112 2782 1366 2853 distinguerentur.

313 2850 448 2905 Nimirum
463 2866 518 2919 quo
533 2848 592 2902 iure
608 2849 692 2903 etiam
710 2849 848 2917 epistolae
894 2849 950 2904 Sed
961 2849 1029 2903 satis
1043 2850 1114 2903 haee
1124 2850 1160 2903 de
1174 2853 1364 2918 epistolarum
1372 2852 1405 2905 in·

312 2918 457 2988 potuerint
475 2917 622 2971 satirarum
644 2917 773 2985 insigniri
798 2933 848 2969 no·
869 2917 1028 2986 scriptione.
1063 2918 1272 2987 Progredimur
1290 2922 1330 2975 ad
1348 2938 1404 2974 con·

312 2988 395 3055 mine,
406 3004 440 3040 ex
449 2986 493 3054 iis,
508 3003 581 3056 quae
592 3002 677 3054 supra
687 2987 721 3038 de
735 2984 848 3038 urbani·
869 2986 1020 3039 sideranda
1034 3002 1129 3039 earum
1142 2986 1304 3054 primordia
1317 2993 1347 3043 et
1356 2988 1405 3043 edi·

312 3061 371 3109 tate
382 3062 411 3110 et
420 3054 561 3108 hilaritate
571 3071 622 3122 per
631 3071 680 3107 eas
687 3052 849 3105 diffusadis-
867 3054 953 3107 tionis
963 3061 1106 3125 tempora,
1116 3053 1154 3106 Et
1164 3054 1198 3107 de
1209 3061 1344 3137 tempore
1354 3056 1405 3127 qui·

312 3130 412 3194 putata
431 3129 508 3191 sunt,
537 3128 637 3191 sponte
657 3121 850 3190 appariturum
869 3123 944 3189 dem,
973 3138 1029 3201 quo
1048 3122 1121 3175 liber
1137 3122 1247 3189 primus
1267 3142 1298 3178 1n
1320 3126 1405 3179 lucem

313 3210 375 3247 esse
395 3208 547 3261 speramus.
581 3191 684 3244 Restat
700 3190 787 3259 igitur
802 3191 850 3243 ad·
868 3190 1012 3259 prodient,
1027 3195 1125 3243 nostro
1141 3195 1219 3243 certe
1234 3191 1345 3247 iudicio
1355 3210 1405 3246 non

312 3262 415 3329 huc,ut
425 3261 459 3313 de
469 3258 581 3311 nomine
591 3261 849 3338 epistolarumquae-
868 3258 985 3312 multum
1003 3258 1109 3327 ambigi
1125 3262 1224 3326 potest
1267 3260 1338 3315 licet
1359 3261 1406 3314 hac

313 3330 430 3382 rendum
450 3327 493 3380 sit.
527 3326 562 3379 Id
579 3343 646 3380 vero
665 3344 718 3379 nos
756 3327 850 3379 uidem
870 3343 982 3396 quoque
996 3325 1026 3379 in
1039 3343 1141 3379 caussa
1153 3326 1206 3377 viri
1221 3299 1303 3382 ‹iocti
1314 3328 1406 3382 nonni·

312 3413 370 3448 non
381 3395 540 3447 dubitamus
551 3394 618 3462 quin
629 3395 665 3447 ab
676 3394 737 3473 ipso
769 3395 849 3447 lacco
869 3395 909 3447 hil
918 3395 992 3448 inter
1003 3411 1032 3447 se
1043 3393 1220 3447 dissentiant.
1241 3395 1319 3451 Nam
1327 3396 1405 3451 Bent-

312 3463 473 3532 profectum
491 3461 535 3513 sit.
571 3461 643 3513 Nam
656 3479 775 3527 prrmum
790 3462 849 3532 qui·
868 3463 940 3516 leius
959 3463 1072 3532 quidem
1089 3461 1210 3541 primum
1228 3462 1338 3519 librum
1355 3464 1405 3520 edi·

314 3531 377 3583 dem
387 3544 524 3597 perquam
538 3534 582 3580 est
596 3529 740 3595 credibile,
759 3529 850 3597 ipsum
868 3537 927 3583 tum
937 3548 999 3584 esse
1009 3535 1109 3583 statuit
1118 3548 1142 3583 a.
1153 3529 1221 3598 736,
1230 3531 1406 3588 Kirchnerus

313 3602 428 3666 poetam
438 3595 622 3662 epistolarum
637 3596 799 3648 collectioni
809 3605 850 3648 ut·
869 3604 963 3653 autem
985 3604 1071 3667 atque
1090 3598 1331 3654 Walckenaen'us
1350 3617 1406 3655 eum

313 3670 381 3733 pote
395 3680 412 3716 a
431 3662 531 3715 ceteris
547 3660 716 3716 carminibus
734 3665 851 3716 multum
870 3684 943 3720 anno
958 3668 1069 3720 demum
1082 3666 1140 3719 739.
1154 3666 1184 3718 in
1198 3667 1350 3735 publicum
1367 3685 1406 3722 ex·

314 3732 442 3786 diversae
462 3729 638 3809 peculiarem
660 3730 762 3785 fecisse
785 3731 850 3784 titu-
869 3736 935 3788 iisse
964 3740 1141 3788 censuerunt.
1180 3732 1221 3786 At
1244 3736 1323 3789 enim
1344 3750 1406 3791 vero

313 3801 379 3853 lum.
413 3797 526 3852 Demdc
545 3802 659 3852 externa
678 3799 777 3852 horum
792 3817 850 3854 car·
869 3819 950 3856 nemo
961 3802 1054 3869 facile,
1066 3802 1173 3870 opinor,
1181 3801 1339 3872 dubitabit,
1346 3803 1407 3875 quin

313 3868 418 3922 minum
436 3866 528 3919 forma
542 3883 576 3919 ac
591 3867 699 3934 species
719 3868 850 3937 epistola·
871 3888 884 3924 e
907 3871 992 3924 istola
1001 3870 1132 3923 vicesima
1142 3869 1201 3923 sive
1211 3870 1316 3926 ultima
1324 3872 1406 3926 totius

313 3955 375 3991 rum
385 3952 488 3989 nomen
504 3934 559 3987 sibi
571 3952 661 4004 paene
672 3934 739 3989 effla
761 3937 850 4005 itavit,
870 3889 935 3992 liiiri
954 3938 1061 4007 epilogi
1083 3939 1170 3990 instar
1192 3937 1237 3990 sit.
1278 3940 1327 3995 Ibi
1345 3954 1407 3994 vero

315 4022 387 4077 quae
403 4021 488 4074 quum
502 4003 620 4072 singulis
635 3955 796 4059 hominiius
810 4004 851 4058 in·
869 4013 955 4075 poeta
966 4022 1027 4060 sese
1038 4006 1150 4071 fatetur,
1162 4021 1217 4075 quo
1227 4010 1406 4077 temporete-

315 4075 437 4144 scriptae
457 4071 526 4140 sint,
545 4072 643 4141 ecquis
662 4079 707 4126 est
729 4072 777 4143 qni
796 4073 851 4126 sibi
871 4081 915 4126 tus
933 4074 1006 4127 liber
1027 4075 1056 4127 in
1079 4073 1224 4142 publicum
1242 4075 1406 4141 proditurus

314 4142 487 4211 persuadeat
499 4141 591 4209 ipsum
604 4146 719 4209 poetam
732 4158 767 4195 ea
777 4158 850 4194 com·
869 4141 963 4208 fuerit,
974 4151 1064 4212 quater
1074 4143 1187 4193 audeam
1199 4142 1407 4210 implevisseDe·

314 4210 391 4263 muni
403 4227 550 4262 sermonum
562 4208 674 4262 nomine
694 4210 850 4278 appellatu-
870 4211 989 4270 cembron,
999 4210 1093 4263 Lollio
1103 4207 1247 4277 etLepido
1259 4226 1343 4280 coss,
1354 4212 1406 4263 h.e.

314 4295 374 4330 rum
397 4276 503 4329 fuisse?
529 4279 619 4331 Porro
641 4276 763 4330 Flaccus
789 4277 850 4357 ipse
870 4278 1049 4332 annonl33.
1067 4276 1182 4346 Agebat
1194 4275 1406 4345 igiturtuman·

315 4347 482 4413 epistolarum
496 4345 609 4427 nornine
623 4361 691 4397 usus
705 4350 749 4398 est
761 4346 850 4414 Ep1st.
869 4364 935 4399 num
949 4346 1051 4400 aetatis
1066 4344 1316 4465 quadragesimum
1332 4346 1406 4417 quin·

340 4447 850 4497 1ntHclnrlch:Explanatt.Horatiumproocm.
868 4421 936 4482 tum?
954 4420 987 4467 ut
1001 4413 1070 4483 liqUi
1091 4429 1107 4465 ⁰
1122 4418 1260 4481 appareat
1274 4414 1406 4537 sorigtam

315 4497 458 4536 retromissa.
869 4498 931 4536 esse
958 4482 1035 4535 illam
1061 4480 1211 4549 epistolam
1234 4496 1260 4535 a
1283 4498 1313 4536 n.
1357 4480 1405 4548 34,
