3225 5442
319 720 383 787 230
653 722 863 801 anonam
877 724 1022 781 rancor

322 911 476 955 summam
494 904 676 959 numerum,
694 881 833 965 vitioque
851 892 993 947 remotus
1013 882 1055 947 ab
1074 883 1185 948 omni.“
1204 922 1238 929 —

254 1006 303 1054 385
322 995 356 1048 tu
373 981 449 1045 nihil
467 980 565 1043 inrita
582 977 668 1040 (lices
687 975 825 1041 faciesve
843 975 994 1042 Minerva
1000 1001 1009 1053 ;

322 1078 355 1142 id
372 1075 427 1139 tibi
446 1072 595 1137 iudicium
614 1081 696 1147 esto,
715 1091 753 1133 ea
770 1092 874 1134 mens:
893 1071 1020 1153 siquid
1039 1081 1146 1135 tamen
1163 1071 1229 1135 olim

323 1168 498 1254 scripseris,
516 1167 549 1231 in
566 1164 673 1228 Maeci
690 1164 859 1228 descendat
876 1164 991 1229 iudicis
1011 1187 1106 1230 aures

323 1274 353 1328 ct
372 1262 468 1347 patris
487 1270 518 1324 et
535 1268 673 1334 nostras,
691 1280 871 1340 nonumque
889 1269 1055 1343 prematur
1072 1260 1105 1323 in
1125 1281 1242 1333 annum,

322 1354 511 1421 membranis
529 1353 613 1416 intus
630 1351 750 1436 positis.
774 1352 878 1415 delere
894 1351 1004 1417 licebit

151 1515 153 1520 .
255 1472 305 1521 390
323 1451 407 1535 quod
425 1472 489 1513 non
506 1447 655 1523 edideris3
673 1446 774 1510 nescit
791 1468 853 1509 vox
872 1446 971 1510 missa
988 1448 1117 1510 reverti.

365 1543 524 1608 silvestres
542 1540 684 1605 homines
704 1561 792 1604 sacer
809 1539 1028 1636 interpresque
1047 1540 1180 1603 deorum

322 1635 471 1700 caedibus
491 1643 522 1699 et
539 1635 623 1698 victu
642 1632 736 1697 foedo
754 1633 901 1696 deterruit
921 1630 1086 1717 Orpheus,

322 1731 424 1794 dietus
442 1728 483 1793 ob
501 1728 561 1792 hoc
577 1727 674 1791 lenire
692 1728 788 1813 tigres
805 1725 995 1809 rabidosque
1015 1727 1138 1791 leones.

322 1824 424 1888 dictus
443 1832 474 1886 et
490 1822 653 1907 Amphion
671 1820 842 1885 Thebanae
860 1820 1001 1885 conditor
1020 1821 1111 1886 urbis

256 1939 305 1987 sos
325 1941 402 1982 saxa
419 1938 544 1980 movere
563 1938 640 1980 sono
659 1914 824 1979 testudinis
842 1923 873 1978 et
889 1936 983 1998 prece
1002 1914 1126 1980 blanda

323 2014 436 2076 ducere
454 2032 517 2093 quo
536 2009 637 2074 vellet.
660 2008 720 2072 fuit
737 2009 816 2072 haec
834 2008 987 2093 sapientia
1005 2010 1183 2091 quondam,

324 2105 449 2191 publica
465 2104 594 2189 privatis
614 2124 788 2179 secernere,
808 2125 896 2166 sacra
913 2101 1069 2186 profanis,

325 2198 492 2264 concubitu
509 2196 673 2282 prohibere
691 2219 787 2281 vago,
806 2196 881 2260 dare
898 2196 967 2260 iura
984 2198 1123 2274 maritis,

324 2294 440 2379 oppida
457 2292 572 2368 moliri,
591 2291 678 2377 leges
696 2291 832 2355 incidere
849 2290 945 2375 ligno.

258 2409 307 2455 too
325 2388 371 2451 sic
388 2387 488 2450 honor
505 2395 536 2450 et
553 2407 667 2450 nomen
685 2384 798 2448 divinis
816 2384 940 2449 vatibus
959 2394 1057 2468 atque

326 2478 514 2545 carminibus
532 2479 627 2543 venit.
649 2488 721 2563 post
738 2478 796 2543 hos
813 2478 945 2563 insignis
964 2478 1133 2545 Homerus

327 2575 545 2659 Tyrtaeusque
562 2594 664 2638 mares
683 2572 803 2637 animos
821 2572 854 2636 in
871 2571 988 2637 Martia
1005 2572 1092 2638 bella

326 2666 468 2731 versibus
487 2665 624 2743 exacuit3
643 2666 744 2730 dictae
760 2688 817 2751 per
834 2665 971 2730 earmina
989 2676 1103 2744 sortes,

326 2770 357 2823 et
374 2760 456 2824 vitae
474 2768 645 2824 monstrata
662 2760 714 2823 via
731 2769 793 2837 est;
811 2768 843 2824 et
860 2759 960 2845 gratia
976 2783 1092 2845 regum

258 2877 307 2923 405
326 2853 437 2917 Pieriis
456 2862 574 2916 tentata
590 2852 705 2929 modis,
724 2853 878 2935 ludusque
896 2864 1049 2937 repertus,

326 2959 357 3012 et
373 2948 539 3031 longorum
557 2969 686 3030 operum
704 2947 788 3011 finis:
807 2970 847 3011 ne
865 2947 943 3011 forte
961 2948 1078 3032 pudori

327 3043 366 3107 sit
384 3041 440 3104 tibi
457 3040 553 3103 Musa
571 3040 656 3124 lyrae
675 3041 782 3105 sollers
801 3050 833 3105 et
850 3051 956 3105 cantor
973 3040 1105 3125 Apollo.

367 3146 478 3198 natura
495 3133 582 3197 fieret
599 3133 754 3197 laudabile
773 3156 911 3211 carmen,
931 3157 970 3197 an
989 3145 1067 3211 arte,

326 3228 502 3315 quaesitum
521 3236 581 3290 est:
601 3249 660 3312 ego
674 3221 737 3291 'nec
755 3229 894 3293 studium
913 3228 978 3291 sine
997 3229 1097 3293 divite
1116 3254 1214 3309 vena,

257 3344 308 3390 tro
325 3346 383 3386 nee
401 3322 477 3385 rude
496 3321 571 3403 quid
588 3322 689 3406 possit
706 3322 796 3386 video
815 3322 988 3408 ingenium3
1007 3323 1140 3390 alterius
1162 3328 1211 3391 sic

326 3418 422 3480 altera
439 3416 541 3499 poscit
559 3437 650 3499 opem
667 3439 731 3493 res,
750 3427 782 3481 ct
799 3418 939 3481 coniurat
956 3417 1067 3481 amice.

326 3511 378 3592 qui
398 3510 502 3574 studet
520 3519 658 3594 optatam
677 3532 770 3574 eursu
788 3511 967 3595 contingere
985 3523 1115 3589 metam,

325 3602 424 3666 multa
440 3602 510 3665 tulit
527 3602 664 3685 fecitque
682 3626 772 3688 puer,
792 3605 916 3669 sudavit
934 3614 965 3668 et
982 3604 1069 3681 alsit3

326 3696 474 3759 abstinuit
492 3717 605 3759 venere
624 3705 655 3760 et
672 3697 754 3761 vino.
778 3699 831 3780 qui
849 3698 965 3782 Pythia
983 3708 1089 3761 cantat

257 3812 306 3859 415
326 3789 454 3865 tibicen,
473 3788 581 3852 didicit
597 3790 683 3873 prius
703 3792 907 3874 extimuitque
925 3792 1123 3877 magistrum.

325 3905 408 3946 nunc
427 3882 502 3945 satis
521 3892 568 3946 est
586 3883 717 3948 dixisse:
739 3907 820 3970 „ego
837 3886 915 3949 mira
932 3896 1078 3969 poemata
1096 3909 1210 3974 pango
1217 3917 1225 3967 ;

325 3987 457 4060 occupet
475 3986 647 4041 extremum
666 3978 802 4055 scabies3
822 3979 898 4042 mihi
917 3989 1005 4063 turpe
1023 3979 1161 4063 relinqui
1181 3995 1243 4063 est,

326 4083 357 4136 et
375 4071 458 4153 quod
476 4093 539 4134 non
557 4071 651 4135 didici
670 4094 744 4137 sane
762 4073 883 4137 nescire
901 4073 1021 4136 fateri.“

323 4176 359 4228 ut
376 4185 502 4248 praeco,
514 4164 562 4239 ad
580 4188 699 4230 merces
718 4165 842 4229 turbam
861 4167 915 4249 qui
933 4167 1016 4251 cogit
1034 4170 1199 4248 emendas,

257 4279 306 4326 reo
324 4261 536 4324 adsentatores
554 4258 640 4323 iubet
658 4262 698 4324 ad
716 4261 837 4326 lucrum
848 4262 899 4325 ire
917 4272 1010 4345 poeta

323 4356 410 4418 dives
429 4353 527 4438 agris,
547 4353 634 4418 dives
652 4355 762 4439 positis
781 4355 814 4418 in
832 4355 939 4419 fenore
957 4355 1071 4420 numis.

323 4449 350 4510 si
369 4470 441 4511 vero
460 4456 520 4522 est,
540 4458 668 4513 unctum
686 4450 740 4532 qui
757 4462 841 4515 recte
859 4473 974 4536 ponere
991 4452 1102 4534 possit,
