3225 5442
598 715 630 780 Q.
645 714 809 769 IIORATII
822 711 962 768 FLACCI

539 957 903 1019 EPISTOLA
942 960 1023 1019 III.

576 1066 982 1152 an'rrsonus

603 1232 675 1275 QUAE
686 1233 776 1268 vomo
786 1232 959 1267 mscmmrcu

455 1348 542 1427 DE
580 1345 759 1425 ARTE
793 1344 1106 1426 POETIOA.

311 1526 461 1589 Humano
480 1524 574 1608 capiti
592 1524 744 1588 cervicem
762 1524 861 1608 pictor
878 1525 1024 1607 equinam

268 1620 396 1703 iungere
415 1618 442 1681 si
459 1618 534 1680 velit
551 1626 582 1680 et
599 1617 701 1680 varias
719 1617 865 1681 inducere
882 1618 1004 1702 plumas

270 1712 405 1792 undique
424 1711 543 1774 collatis
562 1710 725 1787 membris,
743 1720 778 1773 ut
796 1711 925 1795 turpiter
942 1720 1045 1780 atrum

269 1804 390 1868 desinat
407 1804 439 1866 in
457 1804 575 1888 piscem
593 1804 704 1866 mulier
720 1803 859 1868 formosa
877 1826 1023 1889 supeme3

144 1921 146 1927 ·
235 1919 250 1963 a
270 1906 443 1983 spectatum
461 1896 589 1961 admissi
606 1897 704 1959 risum
722 1897 866 1973 teneatis,
885 1897 994 1960 amici?

269 1990 398 2066 credite,
418 1988 565 2065 Pisones,
584 1988 636 2052 isti
654 1988 778 2052 tabulae
796 1989 862 2053 fore
880 1988 994 2053 librum

268 2082 471 2167 persimilem,
490 2082 593 2158 cuius,
612 2081 698 2145 velut
716 2082 802 2167 aegri
820 2083 953 2159 somnia,
972 2106 1073 2147 vanae

269 2177 425 2261 fingentur
443 2174 576 2260 species,
595 2184 630 2237 ut
647 2197 705 2238 nec
723 2197 779 2259 pes
797 2197 855 2239 nec
873 2185 966 2260 caput
983 2176 1038 2239 uni
1123 2211 1128 2215 ·

269 2270 416 2334 reddatur
433 2268 562 2332 formae.
588 2268 777 2352 „pictoribus
797 2280 890 2353 atque
907 2270 1007 2354 poetis

221 2384 251 2430 10
269 2361 420 2445 quidlibet
438 2361 572 2425 audendi
591 2384 713 2447 semper
730 2362 789 2428 suit
807 2385 907 2445 aequa
923 2368 1093 2448 potestas.“

270 2456 385 2518 scimus
404 2463 435 2518 et
452 2454 533 2517 hanc
550 2454 673 2517 veniam
690 2456 888 2539 petimusque
905 2458 1081 2540 damusque
1098 2458 1254 2535 vicissim,

270 2541 406 2611 sednon
425 2557 458 2610 ut
475 2547 605 2632 placidis
624 2557 734 2611 coeant
751 2549 895 2626 immitia,
914 2573 975 2614 non
993 2559 1027 2613 ut

270 2649 429 2725 serpentes
448 2639 558 2703 avibus
576 2641 786 2725 geminentur,
805 2642 937 2727 tigribus
955 2643 1037 2728 agni.

270 2733 401 2818 inceptis
420 2731 568 2817 gravibus
587 2734 769 2817 plerumque
787 2745 820 2799 et
836 2758 951 2821 magna
967 2736 1120 2821 professis

222 2850 252 2895 15
269 2849 458 2911 purpureus,
476 2827 537 2891 lato
555 2828 609 2910 qui
627 2828 801 2912 splendeat,
822 2850 901 2894 unus
920 2840 950 2893 et
968 2830 1044 2894 alter

271 2921 411 2984 adsuitur
427 2942 565 3004 pannus,
584 2943 681 3003 quum
698 2922 787 2986 lucus
806 2932 837 2985 et
855 2946 909 2986 ara
926 2923 1048 2987 Dianae

270 3024 301 3078 et
317 3014 511 3098 properantis
530 3036 629 3095 aquae
647 3037 703 3098 per
720 3038 868 3081 amoenos
887 3017 1021 3081 ambitus
1040 3040 1135 3103 agros

270 3119 324 3173 aut
345 3109 461 3171 flumen
478 3107 625 3171 Rhenum
643 3119 696 3171 aut
713 3109 837 3193 pluvius
856 3109 1040 3175 describitur
1057 3134 1161 3175 arcus.

272 3202 328 3265 sed
345 3223 429 3264 nunc
446 3224 509 3264 non
527 3210 593 3264 erat
610 3201 659 3264 his
677 3202 774 3266 locus.
798 3213 829 3266 et
846 3204 979 3267 fortasse
997 3225 1186 3287 cupressum

220 3315 252 3361 20
271 3295 331 3358 scis
351 3294 510 3358 simulare:
529 3293 696 3375 quidhoc,
716 3295 743 3357 si
760 3296 866 3360 fractis
886 3305 989 3360 enatat
1007 3318 1121 3380 exspes

270 3387 417 3464 navibus,
437 3410 507 3451 aere
525 3388 597 3451 dato
615 3389 669 3471 qui
686 3389 842 3473 pingitur?
860 3390 1010 3474 amphora
1027 3389 1130 3474 coepit

270 3481 403 3557 institni3
423 3491 563 3546 currente
581 3492 648 3546 rota
666 3505 722 3545 cur
740 3504 850 3546 urceus
870 3483 951 3546 exit?

271 3573 405 3655 denique
424 3573 476 3650 sit,
496 3575 579 3657 quod
597 3575 659 3650 vis,
679 3575 812 3659 simplex
830 3576 981 3639 duntaxat
998 3586 1029 3639 et
1047 3598 1156 3640 unum.

314 3667 450 3730 maxima
468 3690 539 3751 pars
560 3678 680 3745 vatum,
698 3678 787 3752 pater
805 3678 836 3732 et
853 3669 981 3733 iuvenes
999 3678 1086 3753 patre
1105 3670 1206 3756 digni,

222 3781 253 3827 25
272 3760 444 3843 decipimur
462 3761 564 3844 specie
582 3762 672 3825 recti:
691 3761 794 3825 brevis
814 3784 884 3827 esse
901 3762 1017 3839 labore,

271 3852 422 3917 obscurus
441 3853 497 3929 fi0;
516 3864 686 3918 sectantem
704 3855 787 3918 lenia
803 3856 892 3919 nervi

272 3945 419 4009 deficiunt
436 3947 592 4028 animique
598 3972 607 4023 ;
625 3948 786 4032 professus
804 3949 935 4034 grandia
953 3958 1069 4033 turget3

272 4039 368 4122 serpit
385 4039 471 4102 humi
490 4049 574 4104 tutus
593 4039 724 4103 nimium
742 4041 932 4125 timidusque
950 4041 1112 4126 procellae.

272 4133 325 4215 qui
343 4133 461 4197 variare
480 4133 565 4216 cupit
581 4156 648 4197 rem
665 4135 876 4219 prodigialiter
894 4158 997 4211 unam,

145 4239 147 4242 ’
221 4240 253 4287 30
271 4225 452 4309 delphinum
471 4225 556 4289 silvis
575 4226 729 4311 appingit,
748 4227 894 4293 fluetibus
914 4250 1032 4312 aprum.

272 4318 303 4380 iu
321 4319 430 4381 vitium
449 4320 534 4382 ducit
552 4320 661 4404 culpae
679 4320 769 4404 fuga,
790 4321 817 4384 si
835 4331 918 4384 caret
935 4311 1010 4383 arta

272 4410 442 4474 Aemilium
461 4412 542 4475 eirca
558 4412 667 4476 ludum
685 4412 774 4478 faber
791 4414 873 4478 imus
892 4424 922 4477 et
939 4434 1060 4498 ungues
