3225 5442
490 733 646 791 EPODON
664 733 789 788 LIBER.

271 917 317 957 am
334 901 440 956 manet
458 891 587 955 humida
604 901 689 956 creta
706 892 853 973 colorque

270 1009 346 1051 core
363 986 488 1050 fucatus
507 984 666 1061 crocodili,
685 985 826 1068 iamque,
845 984 987 1049 subando

269 1091 352 1157 enta,
372 1078 486 1145 cubilia
504 1088 647 1161 tectaque
664 1079 795 1163 rumpit3

278 1197 349 1239 mea
366 1196 439 1237 cum
457 1172 560 1237 saevis
578 1172 676 1257 agitat
693 1172 820 1237 fastidia
839 1172 956 1236 verbis:

268 1266 407 1345 ,Inachia
424 1266 556 1352 langues
574 1266 678 1330 minus
697 1288 734 1329 ac
751 1288 817 1342 me3

269 1361 373 1424 chiam
391 1369 438 1423 ter
454 1369 545 1425 nocte
562 1369 667 1444 potes,
686 1358 762 1422 mihi
781 1380 905 1443 semper
922 1359 962 1422 ad
981 1381 1077 1422 unum
1176 1380 1206 1426 ro

267 1455 357 1519 nollis
376 1476 466 1538 opus.
485 1462 593 1538 pereat
610 1453 691 1516 male
709 1475 789 1536 quae
808 1462 838 1516 te

267 1548 332 1613 sbia
349 1547 509 1630 quaerenti
527 1556 652 1610 taurmn
669 1547 854 1611 monstravit
872 1547 1012 1622 inertem,

267 1665 326 1705 tum
344 1642 420 1705 mihi
439 1640 526 1705 Cous
545 1641 670 1705 adesset
688 1639 855 1724 Amyntas,

266 1759 300 1799 us
319 1736 352 1799 in
369 1735 519 1800 indomito
537 1734 729 1799 constantior
745 1734 872 1819 inguine
890 1756 1014 1810 nervus,

266 1853 350 1912 quam
367 1852 450 1894 nova
467 1828 599 1893 collibus
617 1826 710 1892 arbor
726 1828 875 1892 inhaeret.
1173 1846 1206 1893 20

267 1923 382 1987 ricihus
401 1922 507 2007 Tyriis
525 1922 654 1988 iteratae
671 1921 787 1985 vellera
804 1920 894 1984 lanae

265 2018 306 2080 :ui
324 2016 589 2102 properabantur?
607 2015 663 2082 tibi
680 2036 803 2099 nempe,

270 2110 351 2173 foret
368 2109 515 2191 aequales
533 2109 613 2173 inter
630 2108 778 2184 conviva,
796 2107 899 2193 magis
917 2128 1011 2189 quem

265 2204 398 2289 liligeret
416 2203 528 2268 mulier
545 2226 604 2268 sua
620 2225 716 2287 quam
734 2212 773 2265 te.

264 2319 312 2382 rgo
329 2320 393 2361 non
410 2297 500 2373 felix,
519 2319 614 2380 quam
633 2307 668 2359 tu
684 2295 770 2380 fugis
788 2305 824 2358 ut
841 2303 936 2380 pavet
954 2315 1041 2358 acres
1176 2313 1208 2360 25

263 2413 339 2475 agna
355 2389 447 2475 lupos
466 2411 659 2476 capreaeque
676 2390 814 2453 leones.“

486 2591 684 2651 GARMEN
706 2591 801 2649 x111.

510 2735 566 2782 An
594 2733 775 2783 Amicos.

261 2857 353 2921 orrida
370 2867 539 2942 tempestas
558 2858 680 2923 caelum
698 2859 866 2934 contraxit,
885 2867 916 2921 et
933 2856 1049 2920 imbres

261 2952 408 3035 nivesque
425 2953 585 3016 deducunt
602 2953 727 3029 lovem;
745 2975 830 3016 nunc
848 2973 933 3015 mare
950 2972 1033 3014 nunc
1052 2949 1149 3014 siliiac

261 3047 360 3110 treicio
377 3046 535 3129 Aquilone
554 3057 674 3113 sonant.
693 3047 866 3133 rapiamus,
885 3046 986 3120 amici,

260 3140 455 3204 occasionem
474 3141 513 3205 de
531 3142 596 3219 die,
615 3142 752 3223 dumque
771 3141 872 3203 iirent
889 3161 993 3225 genua

264 3233 366 3310 decet,
385 3234 522 3299 obducta
539 3235 678 3301 solvatur
695 3235 797 3299 fronte
817 3245 970 3298 senectus.
1178 3255 1193 3300 5

260 3337 293 3390 tu
310 3327 382 3391 vina
400 3328 561 3411 Torquato
579 3351 671 3394 move
689 3327 819 3393 consule
836 3349 946 3412 pressa
963 3349 1043 3391 meo.

258 3431 319 3484 'tera
336 3421 423 3485 mitte
440 3421 540 3505 loqui:
559 3423 637 3487 deus
655 3422 734 3487 haec
751 3422 885 3487 fortasse
904 3420 1041 3506 benigna

258 3513 386 3577 reducet
403 3514 435 3576 in
454 3516 561 3578 sedem
578 3516 656 3579 vice.
675 3538 759 3579 nunc
777 3524 808 3579 et
824 3514 1040 3578 Achaemenio

258 3608 362 3671 rfundi
380 3611 479 3675 nardo
496 3610 583 3674 iuvat
601 3620 633 3674 et
649 3610 711 3674 fide
731 3609 883 3695 Cyllenea

259 3702 363 3767 levare
381 3704 456 3768 diris
474 3714 601 3789 pectora
618 3703 896 3781 sollicitudinibus3

258 3796 330 3862 bilis
348 3806 383 3861 ut
400 3800 512 3884 grandi
531 3800 643 3863 occinit
661 3799 841 3864 Centaurus
860 3798 1001 3862 alumno:

261 3892 394 3969 „invicte
412 3893 551 3957 mortalis
570 3893 629 3957 dea
646 3905 718 3958 nate
736 3916 815 3979 puer
833 3892 976 3968 Thetide,

266 3996 371 4050 manet
387 3986 539 4051 Assaraci
556 3987 662 4065 tellus,
681 4009 776 4070 quam
794 3986 911 4071 frigida
927 3985 1016 4070 parvi

259 4078 383 4143 findunt
402 4078 586 4145 Scamandri
603 4081 732 4145 flumina
749 4080 888 4144 lubricus
907 4087 938 4142 et
958 4076 1073 4142 Simois
1079 4102 1088 4154 ;

255 4173 301 4237 ide
319 4173 376 4237 tibi
392 4175 527 4238 reditum
545 4186 630 4239 certo
648 4174 825 4238 subtemine
842 4172 962 4237 Parcae
1181 4188 1213 4236 15

259 4289 385 4351 rupere,
404 4260 463 4333 nec
480 4278 580 4334 mater
598 4270 725 4334 domum
743 4267 868 4331 caerula
885 4277 916 4330 te
933 4264 1070 4330 revehet.

253 4359 281 4423 ic
298 4383 390 4426 omne
408 4363 526 4427 malum
543 4365 617 4428 vino
635 4372 790 4445 cantuque
808 4361 921 4437 levate,

261 4453 411 4520 deformis
429 4457 638 4543 aegrimoniae
657 4456 801 4522 dulcibus
820 4455 973 4538 alloquiis.

947 4560 989 4619 81
