3225 5442
321 687 382 753 134
653 697 685 761 Q„
701 693 863 749 HORATII
877 693 1018 749 FLACCI

319 858 423 921 differt
442 855 590 931 sermoni,
610 875 712 917 sermo
730 875 846 916 merus.
866 890 900 898 -
927 864 979 930 „at
997 862 1091 937 pater
1108 856 1220 919 ardens

320 952 432 1027 saevit,
451 950 536 1033 quod
553 947 714 1012 meretrice
731 969 829 1031 nepos
848 946 977 1010 insanus
997 947 1103 1011 amica

269 1070 302 1116 50
319 1047 401 1110 filius
420 1067 550 1108 uxorem
567 1042 679 1129 grandi
698 1063 770 1104 cum
787 1042 859 1104 dote
877 1051 1011 1117 recuset,
1034 1086 1036 1091 ·

320 1141 424 1205 ebrius
443 1149 487 1215 et,
507 1160 658 1222 magnum
676 1136 760 1218 quod
779 1135 930 1211 dedecus,
950 1134 1095 1199 ambulet
1112 1150 1186 1201 ante

319 1245 444 1298 noctem
462 1255 533 1296 cum
552 1230 704 1295 l'acibus“
724 1268 765 1275 —
783 1229 937 1312 numquid
954 1228 1154 1315 Pomponius
1173 1232 1239 1295 istis

320 1328 441 1393 audiret
452 1326 588 1406 leviora,
608 1333 697 1409 pater
714 1323 742 1387 si
760 1323 897 1386 viveret?
914 1345 991 1407 ergo

320 1446 383 1487 non
402 1408 544 1512 salisest
562 1414 648 1517 pulis
666 1407 792 1518 verbum
811 1401 1141 1515 perperiberelverbis,

270 1540 302 1585 55
320 1539 413 1600 quem
433 1515 460 1579 si
477 1514 647 1589 dissolvas,
666 1511 769 1595 quivis
788 1511 1000 1575 stomachetur
1018 1512 1134 1576 codem

321 1634 383 1693 quo
401 1619 586 1695 personatus
604 1617 696 1691 pacto
715 1616 812 1690 pater.
831 1605 895 1682 his,
914 1628 973 1691 ego
991 1628 1074 1689 quae
1094 1630 1189 1682 nunc,

321 1705 395 1768 olim
413 1726 493 1787 quae
513 1703 637 1786 scripsit
654 1702 813 1777 Lucilius,
833 1701 945 1785 eripias
965 1701 992 1765 si

321 1812 462 1883 tempora
475 1808 559 1860 certa
573 1798 756 1878 modosque,
776 1805 807 1858 et
826 1795 910 1877 quod
923 1795 1009 1879 prius
1029 1797 1141 1861 ordine
1159 1795 1285 1861 verbum
1299 1805 1332 1859 est

320 1892 476 1978 posterius
494 1892 607 1967 facias,
626 1912 822 1975 praeponens
842 1889 949 1953 ultima
966 1890 1092 1973 primis3

271 2009 303 2054 60
321 2010 398 2063 non,
417 1996 452 2049 ut
471 1986 497 2050 si
516 1986 620 2049 solvas
641 1997 822 2070 „postquam
838 1985 1005 2048 Discordia
1025 1997 1103 2049 tetro

323 2084 393 2145 belli
403 2082 540 2166 ferratos
553 2092 656 2165 postca
670 2079 1007 2163 ρονταεᾳιιε·νεῙνερίτῤ6

321 2175 462 2238 invenias
482 2173 575 2237 etiam
594 2171 714 2236 disiecti
733 2171 874 2236 membra
890 2185 1012 2256 poetae.

322 2269 473 2331 hactenus
492 2267 583 2330 haec:
600 2266 678 2329 alias
697 2266 815 2330 iustum
833 2265 874 2329 sit
891 2288 989 2330 necne
1007 2288 1133 2350 poema.

322 2384 405 2425 nunc
422 2360 499 2424 illud
517 2370 637 2423 tantum
656 2381 817 2441 quaeram,
837 2359 988 2423 meritone
1006 2360 1064 2424 tibi
1082 2362 1126 2425 sit
1157 2354 1159 2358 ἲ

273 2478 304 2523 65>
324 2464 505 2539 suspectum
523 2475 623 2538 genus
642 2452 701 2516 hoc
720 2451 884 2516 scribendi.
905 2450 1032 2517 Sulcius
1051 2477 1127 2519 acer

323 2548 463 2614 ambidat
481 2558 512 2613 et
531 2547 680 2632 Caprius,
699 2547 786 2610 rauci
803 2546 885 2610 male
904 2569 1037 2631 cumque
1055 2548 1183 2628 libellis,

283 2682 293 2750 q
323 2666 457 2729 magnus
476 2653 606 2725 uterque
624 2642 715 2706 timor
732 2641 919 2719 latronibus3
939 2652 970 2705 at
987 2642 1069 2707 benc
1088 2644 1116 2707 si
1135 2647 1208 2728 quis

251 2715 285 2817 bt
324 2749 355 2802 et
372 2738 457 2801 vivat
474 2737 561 2821 puris
580 2735 738 2812 manibus,
758 2746 938 2800 contemnat
955 2746 1135 2820 utrumque.

323 2842 358 2894 ut
377 2832 419 2895 sis
438 2840 472 2893 tu
491 2830 600 2893 similis
620 2829 710 2893 Caeli
726 2829 870 2913 Birrique
888 2831 1053 2907 latronum,

275 2948 306 2993 vo
325 2948 388 2988 non
406 2947 465 3010 ego
485 2924 544 2987 sim
564 2922 661 3008 Capri
680 2946 781 3006 neque
800 2921 902 2988 Sulci:
922 2946 977 2988 cur
994 2936 1117 2989 metuas
1137 2928 1210 2991 me?

324 3019 410 3081 nulla
427 3017 556 3081 taberna
574 3040 660 3081 meos
679 3017 793 3081 habeat
810 3040 912 3100 neque
929 3019 994 3102 pila
1015 3017 1150 3097 libellos,

324 3112 394 3195 quis
412 3134 523 3174 manus
541 3111 667 3174 insudet
684 3110 772 3196 vulgi
789 3111 1064 3197 Hermogenisque
1082 3112 1215 3199 Tigellil

324 3228 382 3268 nec
399 3205 495 3268 recito
514 3204 660 3287 cuiquam
678 3205 740 3267 nisi
757 3205 881 3281 amicis,
900 3206 995 3289 idque
1014 3216 1154 3283 coactus,

324 3323 388 3363 non
404 3300 507 3364 ubivis
527 3322 671 3362 coramve
689 3299 890 3381 quibuslibet.
910 3300 943 3363 in
961 3301 1064 3364 medio
1083 3302 1138 3384 qui

275 3421 306 3465 75
325 3393 441 3477 scripta
458 3392 526 3456 foro
545 3394 675 3456 recitent
693 3403 766 3457 sunt
784 3394 874 3456 multi
892 3393 1007 3477 quique
1025 3394 1185 3473 lavantes3

326 3509 421 3549 suave
440 3486 527 3549 locus
546 3487 616 3550 voci
633 3496 759 3550 resonat
777 3487 953 3551 conclusus.
972 3488 1082 3551 inanes

324 3581 385 3643 hoe
402 3581 502 3657 iuvat,
521 3582 606 3644 haud
623 3582 701 3645 illud
718 3593 919 3664 quaerentes,
938 3606 1013 3645 num
1033 3583 1100 3647 sine
1119 3605 1227 3662 sensu,

325 3685 463 3757 tempore
481 3698 556 3737 num
574 3675 691 3739 faciant
709 3675 819 3739 alieno.
839 3715 880 3722 -
900 3676 1041 3754 „laedere
1059 3678 1193 3762 gaudeo,

324 3767 437 3849 inquit,
457 3779 488 3832 et
505 3769 565 3832 hoc
583 3770 686 3833 studio
704 3793 820 3854 pravus
839 3771 948 3840 facis.“
967 3771 1050 3834 unde
1067 3772 1202 3857 petitum

274 3878 307 3925 80
324 3861 384 3925 hoc
401 3862 435 3924 in
452 3885 502 3925 mc
520 3863 617 3926 iacis?
634 3874 682 3927 est
700 3876 810 3929 auctor
826 3865 896 3947 quis
915 3864 1052 3947 denique
1069 3887 1189 3943 eorum,

325 3955 389 4018 vixi
408 3978 479 4019 cum
497 3957 631 4039 quibus?
648 3957 812 4023 absentem
830 3959 885 4041 qui
902 3959 984 4023 rodit
1001 3958 1148 4036 amioum,

291 4048 300 4176 q
324 4050 459 4133 quinon
477 4050 617 4114 defendit
634 4052 695 4115 alio
713 4052 872 4137 culpante,
892 4052 1012 4117 solutos

296 4179 299 4282 Ι
325 4145 379 4227 qui
397 4155 502 4229 captat
518 4145 600 4209 risus
619 4145 780 4210 hominum
798 4147 978 4230 famamque
996 4146 1122 4223 dicacis,

293 4289 298 4299 .
324 4240 443 4323 fingere
461 4239 515 4321 qui
532 4261 596 4302 non
613 4240 682 4304 visa
699 4251 816 4325 potest,
835 4240 1004 4305 commissa
1021 4250 1124 4305 tacere

276 4352 308 4397 85
326 4334 380 4414 qui
398 4334 519 4415 nequit,
539 4333 590 4398 hic
607 4334 697 4421 niger
714 4345 776 4413 est,
795 4335 879 4400 hunc
898 4344 931 4399 tu
949 4335 1091 4399 Romane
1110 4346 1230 4401 caveto.

327 4447 420 4508 saepe
439 4426 537 4491 tribus
556 4428 643 4493 lectis
662 4429 770 4494 videas
789 4453 920 4494 coenare
939 4440 1117 4512 quatemoS,
