3225 5442
307 685 368 750 126
634 693 668 758 Q.
682 690 848 748 HORATII
860 689 1011 746 FLAOCI

253 880 287 924 ao
304 880 398 940 quam
417 854 477 918 sibi
495 875 559 916 non
576 852 617 915 sit
634 850 768 926 amicus,
786 849 832 913 ita
849 861 885 911 ut
902 859 998 933 pater
1015 850 1085 928 ille,
1106 851 1227 916 Terenti

304 950 412 1015 fabula
429 971 522 1031 quem
541 946 689 1010 miserum
706 954 802 1029 gnato
821 944 939 1007 uixisse
959 944 1078 1029 fugato

304 1044 436 1118 inducit,
455 1064 518 1104 non
537 1063 569 1104 sc
587 1039 677 1124 peius
696 1037 880 1101 cruciaverit
899 1048 998 1122 atque
1017 1039 1080 1102 hic.

305 1140 332 1202 si
350 1138 419 1220 quis
438 1157 521 1198 nunc
539 1142 681 1216 quaerat:
704 1154 784 1214 „quo
802 1154 852 1196 res
870 1131 951 1195 baec
969 1134 1155 1217 pertinet?“
1174 1134 1250 1197 illuc:

305 1234 380 1295 dum
398 1230 495 1294 vitant
515 1228 600 1292 stulti
618 1228 707 1302 vitia,
725 1227 758 1289 in
776 1227 931 1290 contraria
948 1238 1092 1291 currunt.

254 1347 287 1394 25
304 1324 486 1388 Malchinus
505 1321 618 1385 tunicis
637 1320 782 1384 demissis
801 1320 956 1396 ambulat3
977 1324 1103 1404 estqui

304 1420 422 1504 inguen
439 1418 480 1481 ad
498 1405 689 1480 obscoenum
708 1413 870 1477 subductis
889 1438 993 1497 usque
1013 1417 1149 1482 facetus.

305 1513 445 1597 pastillos
464 1510 599 1574 Rufillus
618 1509 694 1585 olet,
715 1506 895 1594 Gargonius
913 1510 1051 1574 hircum.

305 1606 348 1669 nil
367 1605 505 1668 medium
524 1613 580 1667 est.
601 1613 674 1667 sunt
691 1602 745 1685 qui
762 1602 859 1665 nolint
877 1603 1023 1688 tetigisse
1043 1606 1105 1669 nisi
1123 1606 1200 1682 illas,

306 1723 437 1784 quarum
456 1698 588 1763 subsuta
605 1697 685 1761 talos
703 1705 790 1782 tegat
806 1697 912 1760 instita
931 1707 1037 1761 veste:

255 1814 288 1860 30
306 1805 412 1857 contra
430 1793 509 1857 alius
528 1792 646 1855 nullam
663 1791 724 1855 nisi
742 1790 837 1854 olenti
855 1792 887 1853 in
904 1790 1028 1855 fornice
1048 1802 1193 1857 stantem.

305 1889 433 1971 quidam
451 1902 544 1951 notus
561 1888 656 1953 homo
673 1908 771 1969 quum
789 1886 888 1950 exiret
908 1886 1047 1965 fornice,
1069 1899 1190 1967 „macte

305 1984 418 2046 iirtute
437 1987 539 2056 esto,“
559 1982 659 2064 inquit
678 1981 830 2045 sententia
848 1982 899 2044 dia
918 1980 1069 2047 Catonis:

308 2099 400 2151 „nam
419 2075 512 2139 simul
529 2097 566 2139 ac
583 2098 680 2139 venas
698 2074 818 2138 inflavit
835 2084 914 2138 tetra
930 2075 1040 2153 libido,

305 2170 367 2233 huc
385 2170 513 2233 iuvenes
532 2191 666 2252 acquum
685 2180 734 2233 est
751 2169 954 2245 descendere,
973 2193 1039 2234 non
1058 2172 1177 2235 alienas

255 2285 287 2331 35
305 2264 477 2349 permolere
495 2269 640 2328 uxores.“
661 2264 776 2340 „nolim
794 2264 985 2340 laudarier,“
1004 2265 1120 2347 inquit,

307 2360 372 2436 „sic
390 2363 475 2435 rne‚“
495 2360 622 2423 mirator
639 2359 734 2422 cunni
752 2358 945 2443 Cupiennius
965 2360 1039 2424 albi.

306 2453 413 2515 audire
432 2462 479 2516 est
498 2454 777 2539 operaepretium,
795 2454 963 2538 procedere
981 2464 1069 2518 recte

306 2548 359 2630 qui
377 2548 515 2611 moechis
533 2570 597 2610 non
615 2548 724 2624 vultis,
743 2558 778 2611 ut
795 2547 880 2612 omni
896 2557 985 2632 parte
1003 2547 1160 2627 laborent,
1189 2569 1192 2574 ·

306 2653 402 2724 utque
420 2641 481 2706 illis
499 2642 598 2706 multo
616 2653 761 2726 corrupta
779 2642 885 2706 dolore
903 2642 1049 2726 voluptas

254 2754 288 2799 40
306 2744 399 2817 atque
417 2736 495 2799 haec
513 2729 583 2799 rara
601 2736 693 2799 cadat
710 2736 789 2800 dura
806 2736 886 2800 inter
904 2758 998 2821 saepe
1016 2737 1147 2820 pericla.

305 2828 357 2891 hic
375 2851 409 2892 se
426 2829 627 2913 praecipitem
645 2838 727 2893 tecto
746 2830 845 2905 dedit;
863 2829 915 2892 ille
932 2829 1067 2913 flagellis

306 2923 346 2984 ad
365 2933 495 2985 mortem
514 2945 640 3000 caesus3
659 2923 784 3008 fugiens
803 2923 854 2986 hio
872 2923 986 2986 decidit
1005 2946 1114 2987 acrem

305 3018 499 3099 praedonum
516 3017 549 3079 in
567 3017 705 3093 turbam3
725 3018 811 3080 dedit
828 3017 878 3080 hic
897 3039 952 3102 pro
971 3039 1104 3102 corpore
1124 3041 1277 3089 nummos:

306 3109 388 3172 hunc
406 3111 639 3194 perminxerunt
657 3111 797 3187 calones3
817 3112 893 3193 quin
911 3111 1002 3174 etiam
1022 3112 1104 3175 illud

255 3222 287 3268 ts
306 3205 431 3281 accidit,
450 3216 485 3267 ut
503 3205 626 3268 cuidam
645 3214 740 3269 testes
760 3206 954 3288 caudamque
973 3205 1112 3269 salacem

306 3298 475 3362 demeteret
493 3300 618 3363 serrum.
640 3299 760 3376 „iure‚“
780 3322 903 3364 omnes:
923 3296 1028 3364 Galba
1045 3301 1196 3386 negabat.

305 3392 399 3455 tutior
416 3401 448 3455 at
466 3403 581 3475 quanto
600 3416 688 3456 merx
707 3393 804 3456 estin
823 3393 923 3457 classe
942 3394 1089 3470 secunda,

304 3484 517 3549 libertinarum
535 3486 618 3551 dicol
639 3484 807 3551 Sallustius
826 3488 857 3550 in
876 3509 953 3569 quas

304 3600 367 3640 non
385 3579 488 3643 minus
507 3580 635 3657 insanit,
655 3603 749 3662 quam
768 3581 822 3663 qui
833 3580 1029 3648 moechatur.
1049 3589 1082 3642 at
1098 3580 1153 3645 hie
1172 3581 1208 3657 si,

255 3690 288 3736 so
305 3692 368 3751 qua
385 3694 449 3748 res,
469 3695 531 3755 qua
549 3675 627 3737 ratio
647 3676 804 3750 suaderet,
824 3696 948 3757 quaque
966 3674 1109 3737 modeste

307 3765 453 3828 munifico
472 3788 541 3830 esse
560 3768 645 3844 licet,
666 3768 759 3831 vellet
777 3768 878 3832 bonus
896 3778 989 3850 atque
1008 3767 1165 3852 benignus

306 3880 390 3934 esse,
410 3859 497 3923 daret
514 3871 666 3943 quantum
685 3862 760 3927 satis
778 3871 875 3939 esset,
894 3883 953 3925 nec
971 3861 1031 3925 sibi
1048 3861 1166 3925 damno

305 3954 510 4038 dedecorique
529 3957 622 4034 foret3
641 3980 750 4021 verum
768 3957 829 4021 hoc
848 3979 881 4021 se
900 3956 1097 4040 amplectitur
1114 3978 1188 4033 uno,

305 4046 364 4110 hoc
382 4059 466 4112 amat
484 4060 515 4113 et
531 4050 651 4114 laudat:
672 4060 866 4129 ,matronam
884 4050 1002 4113 nullam
1020 4072 1081 4135 ego
1098 4057 1226 4136 tang0.“

254 4160 286 4205 55
304 4152 339 4204 ut
356 4144 513 4224 quondam
531 4144 712 4221 Marsaeus,
732 4155 852 4209 amator
871 4144 1012 4230 Originis
1030 4145 1092 4219 ille,

305 4237 358 4317 qui
375 4239 510 4321 patrium
528 4240 642 4303 mimae
660 4241 756 4304 donat
773 4241 969 4323 fundumque
986 4240 1157 4322 laremque,

307 4330 368 4403 „nil
387 4330 481 4417 fuerit
498 4333 575 4408 mi,“
595 4334 708 4417 inquit,
729 4357 820 4413 „cum
839 4334 989 4399 uxoribus
1007 4356 1147 4417 unquam
1166 4333 1298 4398 alicnis.“

305 4441 414 4484 verum
432 4435 480 4487 est
498 4447 570 4488 curn
588 4428 705 4504 mimis,
725 4439 773 4491 est
791 4451 863 4492 curn
881 4428 1110 4505 meretricibus3
1130 4429 1213 4491 unde
