3225 5442
187 670 193 680 ’
307 713 369 777 190
640 720 849 787 onoamn
862 720 1006 778 rnnccr
1084 705 1087 713 '

304 902 454 947 excusare
471 878 610 944 laborem
629 888 660 942 et
677 878 869 942 mercenaria
886 880 1001 957 vinela,

303 975 388 1058 quod
405 996 468 1038 non
484 994 576 1036 mane
594 972 722 1035 domum
741 972 894 1050 venisset,
912 973 1052 1057 denique
1071 977 1156 1058 quod
1174 1000 1230 1042 non
1293 1017 1296 1021 ·

302 1068 492 1156 providisset
509 1089 591 1131 eum.
611 1104 652 1111 -
671 1065 717 1129 sic
734 1065 895 1151 ignovisse
912 1077 1026 1151 putato

254 1185 286 1232 ro
304 1185 354 1227 me
373 1161 442 1237 tibi,
462 1161 490 1224 si
508 1181 621 1224 coenas
640 1158 734 1223 hodie
751 1181 885 1223 mecum.
905 1200 947 1207 —-
965 1170 1000 1225 ut
1019 1162 1107 1228 libet
1127 1204 1169 1211 —
1186 1188 1252 1255 ergo

302 1266 375 1344 post
392 1277 507 1319 nonam
525 1253 646 1317 venies:
664 1275 748 1317 nunc
764 1254 789 1330 i,
809 1275 876 1317 rem
894 1264 1043 1322 strenuus
1062 1280 1154 1344 auge.
1174 1298 1212 1306 —-
1297 1280 1299 1284 ’

303 1359 339 1414 ut
355 1358 483 1412 ventum
501 1347 541 1412 ad
560 1369 690 1411 coenam
708 1358 769 1423 est,
789 1347 921 1411 dicenda
939 1351 1076 1415 tacenda
1092 1352 1235 1436 loquutus

304 1442 430 1507 tandem
449 1440 616 1505 dormitum
634 1439 809 1531 dimittitur.
833 1441 884 1505 hic
901 1441 957 1505 ubi
976 1466 1074 1528 saepe

304 1536 462 1601 occultum
482 1535 569 1598 visus
587 1533 751 1599 decurrere
769 1535 865 1619 piscis
884 1536 924 1600 ad
942 1536 1085 1615 hamum,

253 1653 284 1698 75
303 1651 395 1707 mane
413 1628 510 1693 cliens
529 1636 560 1692 et
576 1628 640 1691 iam
658 1637 761 1692 certus
780 1628 925 1705 conviva,
949 1630 1079 1695 iubetur

303 1746 375 1786 rura
394 1720 574 1786 suburbana
591 1720 716 1786 indietis
734 1744 839 1787 comes
857 1722 902 1785 ire
919 1723 1059 1787 Latinis.

302 1815 469 1901 impositus
488 1814 611 1880 mannis
630 1839 741 1879 arvum
759 1816 942 1899 caelumque
963 1816 1121 1884 Sabinum

302 1934 366 1976 non
385 1922 488 1976 cessat
504 1902 640 1974 laudare.
665 1910 750 1974 videt
767 1911 910 1994 ridetque
926 1910 1111 1997 Philippus,

304 2015 335 2069 et
353 2004 413 2070 sibi
431 2005 506 2067 dum
524 2004 678 2087 requiem,
698 2004 773 2068 dum
790 2005 873 2069 risus
891 2004 1030 2089 undique
1049 2011 1183 2090 quaerit,

252 2116 286 2166 80
304 2100 379 2162 dum
398 2107 518 2183 septem
536 2098 632 2162 donat
650 2098 808 2176 sestertia,
826 2108 935 2170 mutua
953 2110 1078 2185 septem

303 2193 468 2279 promittit,
487 2192 657 2277 persuadet
675 2192 721 2255 uti
737 2203 893 2257 mercetur
909 2194 1058 2279 agellum.

304 2295 468 2351 mercatur.
492 2308 532 2349 ne
551 2294 581 2350 te
598 2286 701 2372 longis
720 2286 922 2373 ambagibus,
941 2287 1023 2352 ultra

304 2405 399 2467 quam
418 2382 493 2448 satis
512 2392 573 2467 est,
592 2405 708 2459 morer,
727 2405 767 2446 ex
785 2382 883 2447 nitido
900 2383 935 2447 fit
952 2384 1093 2449 rusticus
1112 2396 1207 2471 atque

305 2476 409 2541 sulcos
429 2486 460 2540 et
478 2476 583 2540 vineta
600 2486 706 2562 erepat
722 2499 822 2554 mera,
841 2488 1007 2562 praeparat
1023 2478 1141 2557 ulmos,

253 2588 286 2636 85
304 2570 479 2634 immoritur
497 2570 608 2634 studiis
627 2579 658 2634 et
676 2593 781 2654 amore
800 2571 935 2635 senescit
952 2570 1102 2637 habendi.

217 2734 220 2740 ,
305 2686 414 2727 verum
433 2663 487 2728 ubi
504 2674 581 2728 oves
598 2663 695 2741 furtu,
714 2664 824 2729 morbo
841 2664 960 2749 periere
977 2666 1131 2749 capellae,

305 2780 394 2843 spem
411 2758 541 2821 mentita
559 2780 664 2843 seges,
683 2757 741 2822 bo's
759 2766 808 2823 est
825 2768 952 2823 enectus
971 2761 1101 2838 arando,

305 2852 444 2916 offensus
463 2852 586 2917 damnis
605 2852 709 2916 media
726 2853 765 2915 de
783 2861 874 2916 noete
893 2852 1048 2916 caballum

305 2945 412 3029 arripit
429 2947 589 3029 iratusque
606 2944 746 3031 Philippi
764 2946 863 3009 tendit
880 2946 920 3010 ad
938 2947 1043 3011 aedes.

255 3059 287 3106 90
305 3061 398 3121 quem
417 3040 510 3103 simul
528 3039 673 3124 adspexit
691 3039 837 3103 scabrum
854 3039 1076 3123 intonsumque
1095 3040 1271 3129 Philippus,

305 3133 416 3210 durus,
436 3134 491 3211 ait,
511 3133 632 3211 Vultei‚
651 3134 744 3199 nimis
763 3143 961 3217 attentusque
979 3136 1096 3201 videris

306 3250 375 3291 esse
393 3228 479 3290 mihi.
501 3228 554 3312 pol
572 3250 622 3301 me
640 3230 802 3304 miserum,
822 3238 965 3313 patrone,
984 3252 1126 3309 vocares,

284 3353 286 3357 v
306 3321 333 3385 si
351 3321 461 3397 velles,
480 3321 594 3403 inquit,
613 3344 723 3385 verum
741 3321 818 3384 mihi
835 3330 950 3407 ponere
967 3345 1093 3387 nomen.

305 3416 389 3497 quod
408 3424 438 3478 te
455 3437 512 3500 per
529 3416 657 3501 genium
675 3416 878 3498 dextramque
896 3417 1034 3500 deosque
1051 3417 1193 3484 Penates

255 3528 286 3575 95
305 3508 435 3572 obsecro
454 3519 485 3573 et
503 3509 654 3586 obtestor,
673 3510 756 3574 vitae
773 3531 824 3573 me
841 3510 937 3574 redde
955 3509 1058 3595 priori.

305 3602 359 3683 qui
378 3602 474 3666 semel
492 3603 650 3688 adspexit,
669 3613 820 3687 quantum
838 3604 967 3669 dimissa
984 3604 1090 3688 petitis

305 3705 477 3778 praestent,
497 3706 616 3761 mature
634 3698 742 3761 redeat
759 3707 942 3782 repetatque
958 3698 1076 3762 relicta.

306 3788 407 3850 metiri
425 3811 459 3853 se
477 3812 633 3873 quemque
652 3813 710 3855 suo
727 3790 855 3855 modulo
873 3814 910 3855 ac
928 3791 1007 3875 pede
1025 3813 1138 3856 verum
1158 3804 1216 3858 est.

639 3991 884 4052 EPISTOLA
906 3992 998 4052 VIII.

559 4136 609 4182 An
630 4135 779 4185 censura
797 4106 1085 4186 nnnmovnuuu.

307 4260 403 4326 Celso
420 4260 558 4347 gaudere
576 4270 607 4324 et
624 4260 704 4326 bene
722 4285 789 4325 rem
806 4284 916 4349 gerere
934 4259 1138 4325 Albinovano

305 4352 403 4418 Musa
419 4363 530 4440 rogata
547 4353 643 4432 refer,
662 4356 766 4420 comiti
786 4355 969 4439 scribaeque
986 4354 1132 4419 Neronis.

307 4446 333 4507 si
351 4457 478 4528 quaeret
495 4447 571 4528 quid
588 4470 695 4532 agam,
715 4449 765 4513 dic
782 4450 881 4513 multa
899 4458 930 4513 et
946 4446 1078 4534 pulchra
1095 4449 1269 4514 minantem
