3225 5442
249 698 311 766 114
389 784 392 790 ι
576 707 610 771 o.
625 703 946 760 nonnrrrrnnccr

374 865 522 931 mollibus
540 864 574 927 in
590 863 696 948 pueris
714 862 818 925 autin
835 863 950 947 puellis
968 887 1069 929 urere.

214 984 229 1031 5
332 961 384 1025 hic
402 960 510 1024 tertius
528 956 721 1033 December,
740 978 780 1020 ex
798 978 861 1038 quo
879 958 986 1022 destiti

375 1055 506 1119 Inachia
525 1054 640 1128 furere,
661 1051 747 1115 silvis
765 1050 916 1115 honorem
935 1054 1064 1117 decutit.

332 1150 395 1214 lreu
412 1172 476 1225 mc,
495 1170 551 1233 per
568 1146 692 1221 urbem,
710 1168 783 1208 nam
801 1146 899 1230 pudet
918 1149 996 1211 tanti
1014 1150 1097 1225 mali,

375 1242 483 1307 fabula
501 1250 617 1324 quanta
634 1238 695 1303 fuit
714 1238 928 1303 conviviorum
948 1250 979 1304 et
995 1243 1140 1325 poenitet,

334 1338 367 1400 in
385 1337 474 1420 queis
493 1344 648 1398 amantem
667 1342 698 1396 et
714 1332 847 1419 languor
865 1343 896 1397 et
914 1334 1074 1398 silentium

376 1430 479 1516 arguit
497 1438 527 1492 et
544 1428 640 1491 latere
658 1427 772 1511 petitus
791 1427 854 1491 imo
874 1427 1012 1512 spiritus.

336 1535 503 1603 „contrane
520 1522 641 1585 luorum
659 1521 702 1583 nil
720 1520 824 1584 valere
842 1521 1012 1585 candidum

375 1617 521 1703 pauperis
540 1615 723 1700 ingenium“
742 1614 896 1697 querebar
913 1616 1081 1701 applorans
1099 1616 1163 1693 tibi;

334 1711 426 1775 simul
445 1709 574 1774 calentis
592 1708 819 1772 inverecundus
838 1709 916 1772 deus

376 1804 543 1868 fervidiore
560 1825 646 1866 mero
664 1824 777 1865 areana
794 1812 954 1887 promorat
972 1802 1052 1868 loco.

336 1898 469 1981 „quodsi
487 1897 564 1960 meis
583 1896 737 1960 inaestuet
753 1896 943 1980 praecordiis

376 1991 473 2055 libera
491 1990 577 2067 bilis,
596 1999 631 2053 ut
648 1989 726 2053 haec
743 1990 866 2075 ingrata
882 1990 985 2055 ventis
1005 1991 1124 2054 dividat

334 2086 474 2165 fomenta
480 2132 489 2161 ,
507 2083 621 2147 vulnus
641 2083 683 2146 nil
701 2082 818 2146 malum
836 2082 973 2148 levantia

378 2180 500 2243 desinet
517 2177 690 2262 imparibus
708 2187 826 2241 certare
845 2188 1020 2243 summotus
1038 2178 1164 2263 pudorf‘

335 2274 390 2338 ubi
408 2272 485 2336 lraec
504 2295 631 2336 severus
650 2282 680 2335 te
697 2271 801 2356 palam
819 2272 1029 2348 laudaveram,

377 2367 482 2431 iussus
501 2365 586 2431 abire
605 2366 732 2429 domum
749 2364 873 2429 ferebar
889 2366 1008 2429 incerto
1025 2367 1107 2451 pede

336 2462 376 2524 ad
394 2483 457 2525 non
479 2460 610 2536 amicos,
628 2459 704 2535 heu,
723 2458 800 2522 mihi
817 2468 923 2543 postes
941 2470 972 2522 et
990 2458 1053 2523 heu

378 2555 486 2618 limina
504 2555 596 2630 dura,
615 2552 729 2637 quibus
747 2553 872 2618 lumbos
890 2563 921 2618 et
938 2553 1053 2640 infregi
1070 2554 1159 2619 latus.

336 2672 433 2725 nnnc,
452 2648 613 2734 gloriantis
632 2647 803 2730 quamlibet
820 2647 1035 2712 mulierculam

379 2744 503 2805 vincere
522 2741 664 2816 mollitie,
683 2763 771 2805 arnor
787 2741 917 2826 Lycisci
935 2763 985 2805 me
1004 2751 1104 2819 tenet3

338 2836 585 2920 unde'expedire
603 2858 665 2899 non
683 2835 854 2899 amicorum
872 2845 987 2918 queant

379 2931 477 2996 libera
495 2930 625 2994 consilia
641 2952 700 2993 neo
718 2930 922 2994 contumeliae
940 2952 1064 3015 graves,

338 3026 394 3089 scd
411 3025 490 3088 alius
509 3025 601 3088 ardor
617 3035 671 3087 aut
687 3023 810 3107 puellae
828 3024 979 3087 candidae

380 3130 434 3182 aut
451 3119 556 3182 teretis
575 3118 663 3202 pueri
680 3117 807 3203 longam
824 3117 1003 3181 renodantis
1023 3140 1154 3181 comam.

615 3396 813 3456 GARMEN
835 3397 914 3455 XII.

543 3547 581 3596 nv
601 3548 710 3599 annu
727 3548 986 3597 nunnnvosnn.

341 3679 427 3763 Quid
445 3680 500 3744 tibi
518 3681 580 3757 vis,
599 3681 711 3745 mulier
728 3682 825 3768 nigris
844 3680 1028 3767 dignissima
1045 3679 1165 3744 barris?

381 3796 511 3837 munera
529 3795 584 3836 cur
601 3774 677 3837 mihi
695 3770 810 3857 quidde
827 3774 957 3839 tabellas

339 3868 451 3945 mittis,
469 3890 527 3932 nec
545 3868 633 3932 firmo
651 3869 756 3933 inveni
774 3891 876 3952 neque
894 3869 977 3933 naris
996 3868 1131 3933 obesae?

382 3985 516 4045 namque
536 3963 681 4048 sagacius
698 3987 780 4028 unus
798 3965 920 4039 odoror,

338 4057 472 4143 polypus
491 4082 531 4122 an
547 4059 653 4144 gravis
671 4058 798 4123 hirsutis
817 4052 910 4123 cubet
927 4057 1031 4122 hircus
1050 4057 1083 4120 in
1101 4056 1168 4133 alis,

382 4174 477 4234 quam
495 4153 581 4216 canis
599 4174 671 4216 acer
688 4152 742 4217 ubi
759 4153 854 4217 lateat
873 4175 936 4216 sus.

339 4246 409 4327 quis
429 4246 524 4309 sudor
540 4246 631 4310 vietis
650 4257 680 4311 et
699 4269 793 4329 quam
812 4246 913 4310 malus
932 4245 1070 4327 undique
1089 4242 1233 4308 membris

382 4339 493 4402 crescit
510 4340 600 4417 odor,
619 4362 690 4403 cum
708 4362 788 4425 pene
807 4340 908 4404 soluto

340 4431 522 4496 indomitam
540 4445 685 4519 properat
702 4435 821 4500 rabiem
841 4436 962 4511 sedare3
981 4434 1102 4499 necilli
