3225 5442
334 697 458 743 XLVIII
718 700 755 739 nr:
774 699 842 739 vm
860 699 898 738 ET
916 696 1038 739 scun'ms

333 812 419 866 dubie
432 810 557 865 futurum
570 814 622 877 eet,
640 809 750 879 utquid
763 808 793 862 in
803 825 871 878 quo·
889 825 951 862 mur
963 807 1104 877 propriam
1118 806 1177 861 illis
1192 825 1261 863 esse
1282 808 1434 864 iudicantes

333 897 388 963 que
403 880 525 933 carmine
540 878 723 931 summumsit
735 877 871 947 atqueul·
889 876 1005 930 unitatis
1023 892 1058 929 ac
1076 876 1277 945 simplicitatis
1303 878 1434 945 virtutem,

331 956 438 1015 timum,
458 947 580 1017 denique
597 945 794 1014 perspiciatur.
838 944 871 997 In
890 944 983 1013 qualis
992 943 1021 996 iu
1029 959 1207 1014 unoquoque
1218 946 1294 999 artis
1305 962 1393 1015 opere
1400 961 1435 999 re

352 1034 389 1070 ua
414 1016 508 1068 uidem
517 1030 610 1068 renon
620 1012 777 1067 inutileerit
786 1012 871 1066 etiam
910 1011 1017 1079 uiritur,
1032 1011 1111 1065 cuius
1121 1011 1177 1065 eibi
1188 1013 1348 1067 conscium
1357 1013 1434 1066 inisse

332 1033 413 1139 (stilai
420 1082 488 1163 quid
497 1082 738 1137 animadvertisse.
760 1080 872 1134 Namin
920 1079 1039 1133 cratium
1048 1096 1082 1132 ex
1095 1079 1162 1133 libri
1170 1080 1303 1134 secundi
1313 1080 1434 1151 epistolii

332 1151 466 1207 didactrci
505 1148 665 1219 argumenti
700 1148 871 1202 carminibus
890 1147 1110 1201 luculentissime
1119 1148 1297 1216 perspicias.

331 1222 496 1291 plerumque
506 1217 683 1287 poetaetiam
692 1216 733 1270 ita
740 1216 871 1283 instituit,
914 1215 975 1268 Iam
989 1232 1055 1268 vero
1068 1215 1141 1268 illud
1155 1232 1276 1285 qnoque
1294 1233 1357 1270 non
1367 1216 1435 1270 dubi·

331 1295 364 1342 ut
381 1286 523 1341 sententia
538 1285 672 1355 primaria
686 1284 793 1353 duplici
811 1283 871 1337 iere
890 1289 982 1335 tamus
997 1283 1168 1337 contendere
1182 1289 1216 1337 et
1229 1284 1391 1353 affirmare,
1404 1290 1435 1339 et·

332 1355 442 1409 ratione
457 1354 620 1406 illustretur.
646 1351 723 1405 Dum
732 1353 806 1405 enim
815 1351 872 1405 loci
890 1350 945 1404 iam
969 1350 1096 1419 singulas
1123 1351 1286 1405 carminum
1311 1352 1435 1407 Horatia·

333 1424 447 1493 quidam
458 1436 621 1474 communes
634 1426 791 1473 tractantur
800 1420 871 1473 vele
890 1434 989 1471 norum
998 1425 1094 1487 partes
1104 1423 1170 1487 apte
1179 1418 1261 1473 inter
1272 1437 1306 1474 se
1317 1438 1405 1475 nexas
1412 1426 1436 1474 et

332 1489 427 1543 media
441 1487 499 1540 vita
512 1488 559 1540 vel
574 1505 608 1541 ex
622 1488 779 1556 sapientiae
789 1487 873 1541 disci·
891 1486 1056 1539 coniunctas
1075 1503 1148 1553 esse,
1167 1486 1210 1540 ita
1225 1493 1260 1541 ut
1273 1488 1435 1559 principalis

331 1558 411 1627 plina
428 1554 576 1624 depromi,
594 1562 626 1608 ut
644 1574 730 1625 quum
744 1556 870 1621 docetur,
891 1554 1048 1608 sententiae
1066 1555 1112 1608 vel
1125 1571 1158 1607 ar
1230 1556 1294 1609 enti
1309 1556 1434 1611 tractatio

332 1626 407 1678 vitae
416 1623 581 1677 felicitatem
590 1623 619 1676 in
629 1640 685 1677 uno
695 1624 872 1677 animosorte
891 1620 1003 1675 omnino
1014 1621 1127 1691 quidem
1133 1638 1164 1675 so
1178 1622 1434 1745 lerterperagpmr.

333 1709 384 1746 sua
394 1696 528 1745 contento
543 1692 690 1759 contineri,
704 1693 779 1745 vitae
788 1690 872 1744 bonis
891 1690 988 1743 Habet
1009 1689 1083 1742 enim
1105 1692 1339 1762 unumquodque
1383 1708 1434 1745 ora·

333 1760 476 1829 sapienter
484 1759 634 1812 fruendum
643 1776 716 1826 esse,
726 1757 871 1822 iustitiam,
890 1757 922 1810 tii
939 1774 1064 1826 carmen,
1088 1757 1112 1810 si
1123 1774 1183 1811 rem
1198 1765 1343 1815 accurate
1362 1758 1435 1813 aesti-

331 1827 526 1881 iortitndinem
550 1826 737 1881 constantiam
746 1825 872 1879 maximis
890 1824 1209 1893 marerimus,dramatis
1220 1826 1436 1881 alicuiusinstar

333 1895 448 1966 dignam
457 1867 671 1963 esselaudibus‚
687 1901 716 1949 et
725 1911 797 1965 quae
808 1900 874 1946 sunt
891 1893 1008 1960 initium,
1026 1910 1210 1963 progressum
1225 1900 1258 1948 et
1270 1895 1388 1964 exitum,
1401 1894 1435 1948 ita

331 1964 363 2016 id
376 1980 466 2043 genus
481 1962 539 2016 alia
553 1962 667 2031 similia,
687 1963 769 2015 simul
788 1962 873 2015 etiam
890 1967 923 2014 ut
946 1961 1033 2014 series
1057 1961 1266 2015 sententiarum
1290 1963 1434 2033 haudqua-

331 2032 423 2102 ips1us
437 2031 512 2085 vitae
525 2032 652 2085 veritatis
662 2031 774 2084 ducitur
787 2028 872 2095 ratio,
892 2046 976 2099 qnam
998 2028 1132 2083 interrum
1153 2035 1218 2082 atur
1245 2038 1300 2084 aut
1322 2031 1434 2085 moleste

333 2098 562 2171 quandoquidem
570 2105 657 2168 poeta
666 2098 804 2153 eiusmodi
814 2114 872 2149 car·
891 2097 1101 2175 interturbetur.
1125 2047 1310 2167 Quamquam
1321 2098 1434 2153 noueri-

331 2169 408 2222 mina
429 2168 491 2221 fere
514 2167 611 2221 amicis
634 2174 664 2221 et
686 2165 873 2220 familiaribus
892 2165 1062 2219 sumendum
1071 2170 1115 2218 est
1123 2168 1434 2222 rerumcommentatio·

332 2235 477 2306 inscripsit
486 2235 535 2304 ita,
550 2244 582 2288 ut
594 2233 723 2304 inprimis
732 2234 817 2287 etiam
827 2250 873 2288 eo·
892 2231 1434 2302 neminodisHoratianisesseeandem,

332 2322 394 2357 rum
415 2319 462 2357 res
485 2310 515 2357 et
536 2302 652 2356 fortuna
677 2302 873 2371 respiciantur.
892 2318 976 2370 quam
985 2300 1014 2353 in
1024 2299 1268 2369 disputationibus
1279 2302 1434 2357 dialecticis

334 2370 524 2435 Quamobrem
535 2386 738 2438 saepenumero
753 2387 812 2423 nou
824 2370 873 2423 im·
892 2368 1068 2438 requirimus.
1094 2369 1154 2421 Imo
1170 2370 1383 2425 sententiarum
1396 2388 1433 2425 rc·

333 2438 432 2492 merito
444 2437 626 2502 dubitaveris,
640 2444 734 2490 utrum
747 2438 873 2516 primari-
891 2453 1007 2506 rumque
1016 2435 1147 2489 tractatio
1157 2436 1268 2505 lyricae
1283 2438 1384 2507 poesis
1393 2456 1434 2492 na·

331 2524 379 2558 um
395 2510 497 2584 poetae
516 2503 664 2557 consilium
682 2505 808 2558 advitae
826 2523 873 2559 ne·
891 2504 1434 2566 turaeetindolicouvenienterliberius

333 2571 521 2627 cessrtudines
552 2588 590 2624 an
621 2572 658 2625 ad
694 2573 872 2641 sententiam,
892 2573 1022 2626 instituta
1035 2578 1087 2625 est
1118 2571 1217 2626 Habet
1231 2574 1312 2627 enim
1326 2585 1434 2629 carmen

334 2639 873 2710 quamproposuit,communemrefera-
892 2641 1010 2710 lyricum
1020 2639 1133 2693 omnino
1143 2640 1200 2693 hoc
1215 2641 1273 2695 sibi
1282 2643 1434 2711 proprium,

333 2715 386 2761 tur.
413 2707 467 2773 lta,
478 2706 574 2761 uthoc
583 2713 704 2777 utamur,
715 2706 805 2762 Carm.
815 2710 838 2761 Ι.
847 2709 872 2762 4.
892 2714 925 2762 ut
933 2708 1018 2762 animi
1026 2725 1057 2761 re
1071 2708 1204 2777 quapiam
1212 2716 1336 2779 propter
1350 2712 1378 2765 d·
1417 2710 1434 2762 i-

332 2776 370 2828 ad
383 2775 417 2827 L.
432 2774 557 2828 Sextium
574 2776 732 2846 perscripto
746 2777 872 2845 docetur,
892 2777 959 2830 tatis
974 2794 1007 2829 ac
1016 2775 1215 2845 pulcritudinis
1230 2778 1360 2846 speciem
1370 2729 1433 2859 finus

333 2860 366 2896 ca
403 2843 873 2914 endaessevitaegaudiaquando·
892 2845 1018 2898 minusve
1029 2844 1159 2897 commoti
1170 2862 1255 2898 senaa
1266 2851 1298 2899 et
1311 2852 1435 2916 cogitata

333 2911 381 2982 qui
403 2911 873 2966 emetredeuntisverisamoenitas
892 2919 978 2965 cantu
993 2910 1112 2965 affectus
1126 2913 1213 2981 pleno
1228 2912 1323 2968 libere
1338 2932 1433 2984 expro-

333 2987 363 3034 et
379 2979 453 3034 vitae
471 2980 618 3034 brevitatis
637 2980 774 3050 cogitatio
788 2981 826 3034 ad
844 2981 873 3033 id
892 2987 957 3033 mat
984 2980 1164 3049 Quapropter
1178 2980 1277 3048 etiam,
1293 2989 1327 3035 ut
1340 2983 1434 3036 hocin

333 3048 505 3116 cohortetur,
521 3047 603 3101 simul
613 3054 706 3102 autern
715 3048 750 3100 L.
761 3046 873 3101 Sextius
891 3056 1055 3101 transcursu
1063 3051 1434 3117 moneamus,apudveteres

334 3117 509 3182 admonetur,
520 3124 553 3170 ut
560 3116 618 3170 vita
626 3116 736 3169 fruatur
746 3116 874 3170 hilariter
893 3117 1020 3171 Graecos
1039 3115 1177 3169 eiusmodi
1196 3117 1326 3171 carmina
1338 3134 1435 3173 revera

332 3201 425 3254 neque
439 3201 470 3239 se
483 3185 578 3238 tradat
589 3184 721 3237 tristitiae
735 3192 765 3238 et
783 3185 872 3255 aegri·
891 3185 929 3237 ad
947 3183 1047 3238 modos
1061 3184 1150 3253 lyrae,
1170 3189 1199 3237 et
1216 3201 1283 3238 mox
1298 3186 1386 3239 etiam
1401 3186 1434 3240 ad

331 3252 451 3306 moniae.
477 3252 600 3308 Utrumi
623 3253 678 3305 ‘tur
694 3253 791 3321 potius
810 3269 872 3307 esse
890 3253 990 3305 modos
1000 3251 1096 3319 tibiae,
1106 3252 1378 3320 canebantur,unde
1387 3271 1433 3308 no·

331 3319 549 3389 upbiuabimur?
587 3270 724 3374 rffmirum
746 3321 872 3375 dicamus
891 3337 955 3374 men
964 3319 1089 3389 ipsorum
1098 3325 1225 3373 exortum
1239 3325 1293 3373 est.
1322 3322 1433 3392 Quippe

331 3386 442 3465 paucis,
488 3387 537 3439 uid
563 3387 606 3438 rei
633 3386 678 3439 sit
727 3385 874 3455 Spectavit
891 3387 1434 3457 fuitapudillosmaximapoeseoscum

331 3458 464 3522 poetam
502 3453 527 3505 is
546 3469 614 3506 saue
629 3452 803 3507 Graecorum
817 3456 872 3509 ele·
891 3463 951 3509 arte
961 3455 1233 3509 musicaconiunctio
1240 3460 1270 3509 et
1278 3458 1433 3512 necessitu-

332 3519 468 3589 gantium,
479 3519 610 3589 qnalisiu
631 3520 708 3573 rimis
718 3522 803 3575 etiam
814 3540 872 3577 cer·
891 3525 943 3590 do,
962 3524 997 3577 de
1012 3540 1069 3603 qua
1081 3540 1111 3577 re
1126 3541 1151 3576 v.
1181 3525 1433 3579 racteraliosLie·

331 3587 409 3640 nitur
421 3585 451 3639 iu
461 3586 583 3655 dialogis
593 3538 730 3656 Pictonis,
745 3606 803 3658 qua
816 3608 873 3644 una
890 3592 939 3645 bel
952 3592 987 3645 dc
997 3594 1065 3647 Vita
1078 3541 1252 3645 Archiiochi.
1270 3592 1294 3657 §-
1309 3592 1364 3646 ΠΙ.
1377 3611 1405 3662 p.
1418 3592 1434 3645 8

332 3654 488 3724 eademque
502 3670 589 3723 opera
603 3662 632 3708 et
648 3656 723 3710 vitae
736 3673 872 3727 usurpan-
893 3677 955 3729 sqq.
982 3659 1089 3714 Verum
1100 3665 1203 3728 postea
1220 3673 1291 3711 usus
1305 3660 1357 3715 ille
1373 3677 1433 3714 eva-

333 3724 388 3775 dae
424 3727 453 3775 et
484 3721 639 3791 sapientias
676 3724 872 3781 observandae
890 3728 952 3780 nuit
961 3726 1084 3796 quidem,
1095 3728 1145 3781 sed
1154 3726 1257 3779 mansit
1266 3730 1432 3795 tamenhoc,

332 3795 486 3859 praecepta
494 3790 524 3843 in
533 3789 686 3845 illustriore
696 3791 872 3862 luceponun-
891 3792 1433 3863 uteiusmodicarminaaffectus,motus

332 3866 386 3911 tur.
414 3856 525 3938 Quippe
535 3864 683 3929 utrumque
693 3860 778 3928 istud,
793 3862 818 3915 si
827 3880 872 3916 ve·
891 3879 926 3916 ac
941 3879 1041 3916 sensus
1055 3862 1139 3915 animi
1153 3861 1346 3931 exprimerent
1358 3863 1432 3916 ideo-

330 3944 392 3980 rum
418 3926 502 3980 laten
524 3926 662 3995 volumus,
691 3928 813 3999 denique
836 3931 873 3984 ad
911 3946 946 3984 ue
969 3930 1065 3983 cantui
1091 3936 1188 3984 essent
1210 3932 1432 3985 accommodata

331 4012 417 4048 unum
439 3995 617 4064 eundemque
634 3994 720 4049 finem
741 3998 871 4065 pertinet,
891 3947 982 4061 auam
992 3998 1082 4067 ipsam
1092 3998 1130 4052 ob
1141 4014 1270 4051 caussam
1281 3997 1370 4053 etiam
1379 3999 1431 4052 for-

332 4069 432 4133 estque
450 4064 569 4117 alterum
587 4081 650 4116 cum
669 4065 759 4119 allero
776 4071 872 4120 mente
891 4082 964 4118 mam
979 4065 1076 4118 cantui
1085 4073 1180 4135 aptam
1193 4064 1384 4135 retinuerunt,
1394 4071 1432 4120 et·

332 4137 361 4184 et
370 4131 544 4202 cogitatione
557 4131 587 4185 in
601 4149 688 4185 unum
702 4140 872 4188 connecten-
890 4132 971 4185 iamsi
981 4150 1038 4187 uon
1048 4135 1168 4203 amplius
1179 4138 1375 4187 cantarentur.
1399 4133 1433 4187 ld

306 4218 308 4221 ·
332 4199 406 4251 dum.
433 4198 576 4269 Sequutus
585 4200 659 4254 enim
668 4201 806 4254 Horatius
819 4202 872 4254 uti·
891 4200 967 4271 quod
987 4202 1071 4254 etiam
1085 4202 1122 4255 ab
1137 4200 1257 4255 Horatio
1271 4201 1312 4255 ita
1325 4201 1432 4257 factum

332 4283 385 4334 que
395 4266 451 4320 hoc
461 4274 513 4331 est,
527 4274 558 4320 ut
570 4268 661 4338 lyrica
673 4268 734 4323 eius
749 4269 873 4323 carmina
890 4284 954 4322 esse
963 4269 1101 4323 norimus.
1129 4268 1186 4323 Sed
1195 4270 1374 4339 revertimur,
1384 4287 1432 4323 un·

332 4334 369 4386 ad
386 4351 470 4387 unam
483 4336 607 4404 aliquam
620 4337 714 4390 ideam
728 4344 757 4390 et
769 4338 871 4391 mentis
891 4338 926 4391 de
940 4338 1008 4390 data
1017 4337 1168 4391 occasione
1177 4336 1336 4406 paullisper
1347 4337 1433 4393 defle·

332 4400 417 4452 animi
438 4418 473 4455 ue
493 4419 526 4456 co
549 4403 693 4457 'tationem
708 4411 872 4472 comparata
889 4405 987 4457 ximus.
1014 4404 1111 4459 Habet
1124 4406 1211 4475 igitur
1223 4410 1322 4474 poesis
1340 4406 1431 4477 lyrica

333 4465 398 4519 sint
450 4485 532 4523 namo
553 4486 613 4524 rem
625 4487 679 4525 noc
692 4487 786 4525 errare
795 4472 871 4527 vide·
889 4472 945 4527 hoc
954 4471 1008 4526 sibi
1017 4473 1171 4543 proprium,
1180 4473 1253 4528 utab
1263 4478 1360 4529 animo
1369 4490 1431 4544 pro·
