3225 5442
442 705 648 763 chamolt
665 704 739 759 LIB.
754 705 807 760 III.

261 864 393 929 auditis?
410 887 451 927 an
467 886 519 927 me
536 861 615 926 ludit
632 860 775 926 amabilis

260 958 401 1023 insania?
418 957 525 1021 audire
543 965 575 1020 et
591 955 701 1020 videor
716 956 786 1040 pios

303 1075 405 1117 errare
422 1074 479 1137 per
495 1051 597 1127 luoos,
616 1070 765 1113 amoenae

344 1167 424 1229 quos
442 1154 474 1210 et
491 1165 590 1228 aquae
609 1142 745 1208 subeunt
762 1153 794 1208 et
811 1166 914 1208 aurae.

259 1307 309 1349 me
326 1283 489 1349 fabulosae
506 1281 640 1346 Vulture
658 1281 691 1344 in
708 1280 816 1366 Apulo

260 1379 375 1443 altricis
393 1388 482 1441 extra
498 1375 595 1439 limen
611 1373 748 1459 Apuliae

303 1472 378 1535 ludo
395 1469 624 1556 fatigatumque
642 1489 752 1532 somno

339 1564 451 1628 fronde
467 1585 550 1627 nova
567 1583 699 1647 puerum
716 1560 880 1646 palumbes

261 1702 380 1769 texere,
399 1691 513 1755 mirum
530 1690 615 1773 quod
632 1688 714 1753 foret
730 1688 886 1766 omnibus,

259 1786 447 1868 quicumque
464 1783 567 1848 celsae
584 1783 693 1847 nidum
710 1781 921 1847 Acherontiae

303 1879 463 1960 saltusque
480 1876 634 1941 Bantinos
652 1885 683 1940 et
701 1898 810 1940 arvum

342 1972 460 2057 pingue
478 1979 584 2035 tenent
601 1970 727 2034 humilis
745 1970 883 2047 Forenti,

259 2110 294 2164 ut
310 2110 377 2164 tuto
395 2098 435 2164 ab
453 2098 527 2163 atris
546 2121 673 2184 corpore
692 2098 806 2184 viperis

261 2194 425 2258 dormirem
443 2203 475 2257 et
491 2192 573 2257 ursis
579 2240 588 2270 ,
607 2201 642 2256 ut
659 2213 816 2277 premerer
834 2215 923 2257 sacra

302 2288 450 2371 lauroque
467 2287 642 2370 collataque
659 2297 771 2371 myrto,

257 2405 262 2415 ·
344 2404 407 2445 non
425 2381 492 2445 sine
509 2381 558 2444 dis
576 2380 736 2445 animosus
754 2380 868 2445 infans.

258 2519 373 2587 vester,
394 2506 567 2586 Camenae,
585 2517 689 2573 vester
705 2509 738 2573 in
755 2510 870 2574 arduos

259 2604 349 2669 tollor
368 2602 519 2681 Sabinos,
538 2624 595 2667 seu
612 2603 689 2667 mihi
707 2604 856 2689 frigidum

300 2698 485 2775 Praeneste,
504 2719 561 2762 seu
579 2697 679 2763 Tibur
696 2698 852 2782 supinum,

342 2813 399 2856 seu
415 2791 552 2874 liquidae
568 2791 714 2876 placuere
731 2792 839 2856 Baiae.

257 2919 368 2985 vestris
386 2918 521 2982 amicum
539 2918 679 2984 fontibus
697 2929 729 2984 et
746 2919 849 2984 choris

256 3036 318 3076 non
335 3035 386 3077 me
403 3012 558 3098 Philippis
577 3036 668 3078 versa
684 3013 768 3078 acies
785 3023 877 3089 retro,

298 3107 413 3171 devota
428 3128 492 3170 non
510 3107 643 3170 extinxit
659 3106 762 3183 arbos,

340 3222 400 3264 neo
419 3197 528 3265 Sicula
543 3200 712 3265 Palinurus
730 3201 824 3265 unda.

256 3337 428 3411 utcumque
445 3350 569 3392 meeum
586 3350 644 3392 vos
662 3328 762 3406 eritis,
780 3327 882 3393 libens

255 3422 461 3487 insanientem
479 3422 585 3486 navita
602 3421 780 3508 Bosporum

299 3515 425 3580 tentabo
444 3525 475 3580 et
492 3526 617 3581 urentes
636 3539 745 3581 arenas

341 3609 439 3674 litoris
457 3608 584 3694 Assyrii
601 3610 715 3689 viator3

255 3736 356 3801 visam
373 3737 542 3803 Britannos
560 3738 736 3823 hospitibus
754 3739 839 3804 feros

255 3839 287 3893 et
304 3829 419 3895 laetum
438 3831 552 3914 equino
570 3833 722 3917 sanguine
741 3832 940 3909 Concanum3

268 3925 274 3937 “
298 3923 398 3988 visam
415 3924 610 4009 pharetratos
628 3924 769 3992 Gelonos

341 4027 372 4080 et
391 4016 576 4102 Soythioum
593 4018 760 4084 inviolatus
779 4041 911 4083 amnem.

254 4164 312 4207 vos
331 4142 501 4209 Caesarem
518 4145 630 4220 altum,
648 4145 758 4208 militia
776 4144 868 4208 simul

257 4235 360 4302 fessas
379 4238 522 4304 cohortes
541 4237 661 4303 abdidit
678 4238 811 4322 oppidis,

296 4330 385 4394 finire
403 4340 604 4414 quaerentem
620 4329 752 4407 labores,

341 4424 446 4490 Pierio
461 4426 608 4490 recreatis
627 4434 725 4490 antro,
