3225 5442
305 670 348 736 80
381 752 384 759 .

578 743 584 761 ι
639 675 1002 744 Quouxrurcxcor

435 848 483 915 tu,
502 837 660 902 civitatem
677 836 747 919 quis
765 835 875 899 deceat
893 844 1004 913 status,

434 956 540 1009 curas,
559 941 591 996 et
608 931 678 996 urbi
696 930 847 996 sollicitus
865 931 957 995 times

476 1026 552 1111 quid
572 1024 665 1091 Seres
684 1035 715 1089 et
731 1033 863 1110 regnata
880 1023 967 1109 Cyro

519 1120 634 1183 Bactra
650 1127 761 1203 parent
777 1118 958 1201 Tanaisque
976 1118 1109 1183 discors.

391 1243 396 1255 ⁵
433 1257 571 1342 prudens
590 1255 688 1319 futuri
705 1255 854 1339 temporis
873 1254 994 1319 exitum

435 1350 607 1435 caliginosa
623 1358 715 1414 nocte
732 1349 846 1432 premit
863 1348 951 1425 deus,

474 1444 629 1526 ridetque,
649 1443 676 1506 si
693 1442 833 1508 mortalis
851 1442 933 1506 ultra

518 1538 568 1601 sas
586 1537 728 1622 trepidat.
747 1537 833 1621 quod
850 1537 953 1614 adest,
972 1548 1131 1601 memento

434 1687 620 1751 componere
638 1687 757 1747 aequus
763 1690 773 1742 ;
792 1673 896 1729 cetera
913 1663 1051 1728 fluminis

434 1761 496 1824 ritu
513 1759 669 1836 feruntur,
688 1780 771 1823 nunc
788 1759 892 1822 medio
910 1759 999 1823 alveo

476 1875 549 1918 cum
566 1874 645 1937 pace
662 1852 835 1918 delabentis
853 1852 1026 1917 Etruscum

517 1947 550 2009 in
567 1968 667 2023 mare,
685 1968 769 2010 nune
786 1946 907 2030 lapides
925 1946 1038 2010 adesos

436 2075 611 2159 stirpesque
627 2082 733 2158 raptas
752 2083 782 2138 et
799 2095 896 2158 pecus
916 2083 946 2137 et
964 2074 1075 2137 domos

434 2168 588 2233 volventis
607 2190 683 2243 una,
702 2189 765 2231 non
784 2167 851 2232 sine
868 2167 1021 2231 montium

477 2260 612 2325 clamore
630 2259 814 2343 vicinaeque
832 2260 939 2337 silvae,

519 2376 616 2437 quum
633 2354 701 2417 sera
718 2353 851 2418 diluvies
869 2354 991 2437 quietos

433 2481 533 2546 irritat
550 2502 668 2545 amnes.
686 2479 738 2545 ille
755 2490 867 2565 potens
886 2480 935 2545 sui

432 2576 595 2659 laetusque
613 2574 720 2660 deget,
739 2575 790 2639 cui
806 2574 880 2639 licet
896 2575 930 2639 in
946 2574 1030 2638 diem

476 2668 594 2733 dixisse
612 2668 702 2733 Vixi:
721 2690 790 2732 eras
809 2667 860 2732 vel
876 2677 944 2732 atra

518 2763 602 2828 nube
619 2762 727 2846 polum
744 2770 833 2846 pater
850 2771 1011 2847 occupato,

432 2890 484 2954 vel
502 2889 568 2955 sole
585 2912 679 2975 puro;
698 2911 762 2955 non
778 2898 884 2953 tamen
901 2890 1032 2965 irritum,
1134 2919 1137 2924 ·

432 2984 651 3067 quodcumque
668 2993 750 3048 retro
768 2990 829 3060 est,
849 2983 978 3059 efficiet,
996 3004 1099 3065 neque

476 3077 620 3163 diffinget
637 3077 851 3161 infectumque
868 3078 977 3142 reddet

518 3172 603 3255 quod
620 3171 746 3257 fugiens
766 3170 863 3236 semel
880 3171 958 3235 hora
974 3171 1069 3235 vexit.

433 3300 573 3364 Fortuna
591 3320 685 3363 saevo
703 3298 785 3363 laete
802 3298 929 3384 negotio
947 3308 978 3362 et

435 3393 544 3456 ludum
562 3391 747 3456 insolentem
764 3392 871 3456 ludere
888 3392 1032 3476 pertinax

477 3494 663 3549 transmutat
680 3486 815 3550 incertos
833 3486 977 3563 honores,

517 3601 601 3643 nunc
618 3578 694 3641 mihi
711 3601 795 3643 nunc
813 3579 866 3643 alii
882 3578 1027 3664 benigna.

432 3708 527 3773 laudo
545 3718 721 3773 manentem
727 3732 736 3786 ;
755 3708 781 3772 si
800 3708 916 3773 celeres
935 3708 1035 3791 quatit

432 3823 566 3886 pennas,
584 3801 711 3887 resigno
728 3823 809 3884 quae
827 3802 926 3878 dedit,
945 3810 976 3864 et
993 3823 1065 3866 mea

475 3895 588 3958 virtute
605 3916 656 3958 me
673 3894 813 3971 involvo,
831 3894 1025 3979 probamque

517 3987 698 4072 pauperiem
716 3988 782 4052 sine
800 3987 873 4051 dote
891 4009 1016 4069 quaero.

433 4137 496 4180 non
514 4125 563 4181 est
579 4138 699 4192 meum,
719 4115 746 4180 si
764 4115 884 4199 mugiat
901 4112 1021 4178 Africis

434 4209 536 4273 malus
553 4208 713 4293 procellis,
732 4208 921 4272 admiseras
940 4228 1050 4291 preces

475 4302 638 4366 decurrere
657 4311 688 4366 et
704 4302 786 4366 votis
803 4301 930 4385 pacisci,

518 4416 558 4466 ne
577 4393 714 4479 Cypriae
732 4394 908 4478 Tyriaeque
927 4415 1046 4457 merces
