3225 5442
637 695 670 758 Q.
687 691 850 747 HORATII
864 690 1004 748 FLACCI

454 853 543 916 miles
563 851 693 936 sagittas
712 859 743 913 et
760 851 893 913 celerem
911 848 1021 935 fugam

455 945 578 1021 Parthi,
598 953 725 1008 catenas
743 943 880 1007 Parthus
899 952 931 1006 et
950 943 1064 1006 Italum

496 1038 606 1115 robur3
626 1039 682 1102 sed
699 1038 870 1122 improvisa
887 1036 941 1100 leti

539 1132 586 1196 vis
604 1132 708 1216 rapuit
724 1131 886 1215 rapietque
904 1139 1024 1216 gentes.

454 1291 549 1351 quam
566 1290 666 1353 paene
684 1268 793 1331 furvae
811 1290 910 1353 regna
927 1266 1137 1351 Proserpinae

454 1372 485 1426 et
502 1362 691 1425 iudicantem
709 1361 845 1424 vidimus
865 1359 1008 1424 Aeacum

497 1457 650 1538 sedesque
668 1455 819 1545 discretas
837 1455 959 1539 piorum
978 1466 1009 1518 et

538 1549 659 1614 Aeoliis
677 1549 792 1614 fidibus
811 1559 992 1632 querentem

455 1686 585 1773 Sappho
602 1687 715 1771 puellis
734 1687 773 1749 de
790 1686 1003 1771 popularibus,

454 1792 485 1845 et
503 1791 533 1844 te
552 1791 714 1845 sonantem
732 1781 855 1864 plenius
874 1803 978 1857 aureo,
1023 1804 1027 1812 ·
1062 1827 1069 1840 x

495 1874 628 1950 Alcaee,
647 1875 764 1959 plectro
783 1875 861 1937 dura
878 1874 977 1951 navis,

539 1969 617 2031 dura
635 1968 730 2053 fugae
749 1968 845 2043 mala,
865 1968 944 2031 dura
961 1966 1049 2032 bellil

454 2116 620 2187 utrumque
640 2126 728 2168 sacro
747 2105 844 2190 digna
862 2104 986 2168 silentio

453 2201 603 2263 mirantur
620 2190 749 2261 umbrae
768 2199 870 2262 dicere
876 2222 885 2275 ;
905 2199 961 2261 sed
979 2199 1080 2285 magis

496 2315 618 2377 pugnas
637 2300 669 2355 et
686 2301 813 2355 exactos
833 2300 981 2377 tyrannos

539 2387 672 2449 densum
690 2385 828 2449 humeris
847 2385 925 2449 bibit
943 2408 1017 2449 aure
1035 2385 1162 2472 vulgus.

453 2523 529 2605 quid
546 2522 672 2599 mirum,
693 2521 747 2585 ubi
764 2522 825 2585 illis
844 2521 1034 2586 carminibus
1053 2531 1184 2607 stupens

454 2617 588 2680 demittit
606 2626 688 2680 atras
706 2615 811 2679 bellua
830 2616 987 2700 centiceps

500 2732 591 2774 aures
610 2718 641 2773 et
657 2709 764 2773 intorti
783 2709 903 2793 capillis
938 2732 943 2739 ·

538 2804 750 2867 Eumenidum
768 2811 947 2866 recreantur
964 2803 1104 2888 angues?

453 2940 529 3023 quin
547 2949 577 3003 et
595 2939 802 3004 Prometheus
826 2949 857 3003 et
874 2938 1001 3024 Pelopis
1019 2961 1132 3023 parens

455 3034 539 3098 dulci
556 3034 698 3098 laborum
717 3034 871 3119 decipitur
889 3057 980 3111 sono;

496 3151 555 3192 nec
573 3137 662 3192 curat
680 3126 781 3193 Orion
798 3129 905 3193 leones

539 3233 593 3287 aut
611 3223 737 3287 timidos
755 3223 874 3309 agitare
892 3224 1010 3308 lyncas.

664 3449 974 3511 CARMENXIV.

600 3592 1041 3643 ADPOSTUMUM.
1159 3584 1165 3595 ’

455 3718 561 3795 Eheu,
581 3718 725 3805 fugaces,
745 3718 911 3795 Postume,
931 3718 1091 3794 Postume,

455 3811 601 3876 labuntur
618 3813 705 3889 anni,
724 3834 783 3875 neo
799 3812 900 3897 pietas
919 3835 1037 3876 moram

497 3906 583 3991 rugis
602 3915 633 3969 et
649 3906 778 3970 instanti
796 3914 940 3970 senectae

539 4002 649 4067 afferet
670 4002 901 4085 indomitaeque
919 4002 1019 4065 morti.

455 4162 531 4215 non,
551 4139 578 4202 si
595 4139 742 4215 trecenis,
761 4148 914 4222 quotquot
932 4148 1007 4202 eunt
1024 4138 1101 4212 dies,

455 4232 569 4310 amice,
587 4233 693 4317 places
711 4232 957 4298 illacrimabilem

498 4325 634 4390 Plutona
652 4327 764 4404 tauris,
783 4327 838 4409 qui
855 4336 903 4392 ter
920 4326 1059 4410 amplum

541 4417 710 4502 Geryonen
728 4420 906 4505 Tityonque
925 4420 1005 4484 tristi
