3225 5442
326 696 390 742 LVI
712 698 752 738 DE
772 697 839 738 VITA
858 698 895 737 ET
913 696 1035 740 SCRIPTIS

325 812 378 865 bus
394 809 510 879 dignum
526 807 701 879 praedicant.
725 806 865 870 Quorsum
883 807 1287 876 726.pertinerearbitrantur.
1304 807 1427 864 Atenim·

346 879 469 932 ertincnt
479 876 641 931 decemfere
649 875 864 930 carminahaec:
883 893 991 931 verone
1000 876 1071 929 illud
1082 876 1198 945 quidem
1209 879 1348 932 continet
1357 879 1427 959 quid·

324 897 349 1001 i).
359 949 383 1001 2.
393 948 418 1000 3.
428 947 453 999 4.
462 946 487 999 5.
497 947 521 1000 6.
532 946 572 997 16.
581 944 719 997 232429.
733 944 777 998 Ea
787 961 862 1011 vero,
883 962 980 1013 quam,
1011 945 1087 998 unde
1114 944 1174 997 cius
1205 946 1341 1015 origines
1368 947 1427 1000 1lluc

326 1016 374 1085 qui
387 1015 500 1068 tertium
512 1014 615 1067 librum
628 1013 684 1071 iam
693 1018 758 1065 ante
769 1030 794 1065 a.
804 1012 863 1065 730.
882 1012 1046 1067 referendas
1065 1029 1129 1066 esse
1147 1013 1309 1082 perspicue
1333 1015 1426 1069 intelli·

326 1083 461 1153 scriptum
480 1098 544 1136 esse
567 1086 697 1147 censent,
724 1081 863 1150 pleraque
882 1087 973 1150 gutur.
1008 1081 1070 1136 Nec
1088 1097 1156 1134 vero
1175 1097 1212 1134 ex
1232 1099 1311 1136 vers.
1331 1084 1426 1137 9-12

325 1154 420 1206 omnia
433 1169 458 1205 a.
469 1151 527 1204 726.
541 1150 587 1203 rol
598 1150 655 1202 727.
671 1149 777 1216 scripta
790 1148 863 1201 arbi·
882 1149 940 1202 ullo
972 1150 1056 1203 modo
1088 1148 1264 1218 intelligitur
1295 1151 1426 1220 scriptum

324 1224 465 1288 trantur,1
492 1225 645 1287 propterea
663 1218 739 1287 quod
758 1215 864 1270 Caesar
881 1217 953 1270 illud
962 1234 1026 1272 esse
1037 1222 1189 1287 antequam
1202 1217 1291 1287 signa
1300 1219 1425 1273 Romana

325 1287 498 1342 Octavianus
520 1286 576 1339 iam
598 1291 658 1339 tum
681 1286 716 1338 de
739 1285 863 1339 moribus
882 1286 1021 1339 aParthis
1031 1285 1143 1339 reddita
1154 1292 1263 1339 essent
1289 1285 1424 1341 Consulto

325 1354 509 1410 emendandis
524 1352 700 1422 cogitaverit.
732 1352 789 1407 Sed
805 1371 862 1406 ma·
882 1354 956 1406 enim
982 1354 1023 1407 ibi
1048 1360 1135 1422 poeta
1156 1353 1311 1408 Romanos
1336 1362 1425 1410 vetera

325 1439 450 1493 gnoperc
465 1437 600 1487 veremur,
619 1427 652 1474 ut
665 1437 699 1473 ea
710 1422 782 1474 ratio
794 1421 863 1474 satis
883 1423 957 1475 mala
979 1423 1124 1489 admonet,
1154 1438 1230 1501 quae
1254 1423 1295 1476 ab
1320 1423 1424 1493 imperii

324 1494 420 1545 valeat
430 1490 468 1542 ad
482 1489 715 1542 demonstrandas
730 1489 799 1542 istas
814 1491 863 1542 ho·
882 1490 1012 1544 hostibus
1030 1495 1148 1559 propter
1165 1489 1350 1557 impietatem
1370 1509 1423 1560 per·

324 1576 386 1611 rum
400 1557 553 1611 carminum
567 1556 690 1625 origines
706 1563 754 1609 aut
767 1574 819 1625 per
833 1574 862 1610 se
882 1558 959 1625 pessi
970 1558 1069 1626 sint,et
1079 1558 1182 1627 quibus
1191 1557 1244 1610 isti
1254 1558 1346 1613 etiam
1355 1576 1423 1613 nunc

325 1627 395 1680 satis
408 1625 488 1677 firma
503 1624 546 1677 sit.
582 1624 655 1679 Nam
664 1624 735 1677 illud
746 1631 777 1677 ut
785 1632 863 1679 recte
883 1628 1030 1679 laetentur.
1067 1625 1261 1689 Quamobrem
1275 1626 1320 1679 illi
1336 1629 1423 1682 adhuc

284 1703 286 1706 ’
323 1694 365 1747 ita
383 1699 535 1761 statuatur,
555 1692 602 1762 qui
621 1694 737 1745 tandem
756 1693 863 1746 factum
882 1710 949 1762 prae
981 1694 1065 1748 audio
1076 1696 1192 1747 renidere
1203 1694 1353 1749 dicuntur.
1375 1696 1422 1751 Ve·

325 1762 451 1815 dicemus
462 1777 534 1828 esse,
549 1768 581 1813 ut
589 1760 727 1813 Horatius
738 1761 794 1814 ista
804 1779 862 1815 car-
881 1713 997 1815 risimfie
1007 1769 1101 1816 autem
1110 1778 1162 1830 per
1172 1778 1202 1814 se
1214 1769 1275 1830 est,
1291 1764 1351 1817 hoc
1362 1781 1422 1835 quo·

323 1831 400 1883 mina
410 1846 467 1882 non
478 1828 572 1882 statim
581 1829 671 1897 primo
683 1831 862 1883 autsecundo
883 1846 938 1899 que
955 1847 1066 1884 carmen
1079 1830 1164 1898 plane
1180 1831 1285 1884 eodem
1299 1837 1423 1912 tempore

324 1897 550 1965 libroinsereret,
558 1896 744 1966 sedpotiusin
751 1898 863 1950 tertium
883 1898 1016 1966 scriptum
1027 1915 1098 1964 esse,
1112 1914 1168 1966 quo
1180 1898 1312 1969 quinque
1323 1917 1422 1968 priora,

324 1966 462 2034 reiiceret,
477 1982 573 2036 quem,
589 1965 612 2017 si
623 1965 691 2034 quid
702 1982 736 2019 ex
746 1966 863 2019 secundi
882 1971 1033 2035 propterea
1047 1966 1125 2036 quod
1140 1982 1203 2018 cum
1214 1966 1262 2019 his
1273 1968 1422 2022 manifesto

324 2033 862 2103 libriepilogocolligerelicet,abinitio
882 2035 1002 2088 arctiore
1025 2035 1183 2103 argumenti
1210 2036 1423 2089 necessitudine

324 2103 503 2162 nescribere
523 2102 636 2172 quidem
651 2101 863 2155 constituisset?
883 2102 1054 2169 continetur,
1082 2102 1168 2171 idque
1191 2107 1275 2156 tanto
1295 2104 1422 2173 profecto

323 2171 436 2225 Deinde
460 2168 566 2224 Caesar
582 2169 730 2238 Augustus
754 2169 862 2222 etiamsi
884 2170 1059 2223 verisimilius
1074 2175 1131 2237 est,
1151 2171 1229 2240 quod
1239 2170 1310 2225 inde
1328 2188 1347 2224 a
1359 2189 1423 2226 vers.

324 2240 380 2294 iam
390 2258 415 2294 a.
426 2239 483 2292 726.
494 2238 628 2307 regimine
639 2254 746 2293 morum
757 2238 862 2307 legum·
883 2238 914 2290 17
930 2255 991 2307 sqq.
1010 2244 1107 2306 aperte
1126 2238 1206 2306 leges
1224 2238 1322 2294 Iuliae
1344 2257 1423 2311 quac·

326 2326 380 2378 que
395 2311 527 2373 suscepto
543 2322 658 2359 censum
668 2305 802 2373 instituit,
823 2306 862 2358 lu·
883 2307 947 2358 dam
957 2306 1046 2359 aazia
1053 2306 1128 2360 latae
1138 2306 1345 2377 respiciuntur,
1352 2309 1423 2380 quod

326 2385 415 2429 strum
428 2375 510 2440 fecit,
530 2380 659 2427 senatum
673 2373 757 2441 legit,
778 2379 862 2444 atque
882 2374 1023 2442 posterius
1033 2373 1296 2442 inprimisetiamde
1303 2377 1423 2430 carmine

326 2443 411 2497 etiam
429 2443 465 2495 de
483 2458 591 2493 morum
604 2440 801 2495 emendatione
818 2459 863 2495 co·
882 2442 1015 2496 vicesimo
1031 2448 1132 2513 quarto
1148 2441 1189 2495 ita
1202 2442 1328 2498 iudicari
1345 2461 1423 2514 opor·

326 2510 441 2581 gitavit3
458 2515 553 2561 tamon
563 2507 739 2575 potissimum
750 2509 816 2563 inde
827 2510 862 2563 ab
881 2516 930 2564 tet.
957 2510 1059 2581 Itaque
1073 2527 1126 2563 nos
1137 2510 1253 2580 quidem
1263 2512 1390 2567 fatemur
1399 2513 1424 2565 iu

326 2595 401 2632 anno
412 2578 522 2629 demum
529 2575 765 2643 l3l3.disciplinam
771 2578 863 2646 publi·
882 2595 916 2632 ea
925 2595 989 2632 esse
1001 2578 1149 2642 sententia,
1160 2583 1192 2631 ut
1201 2575 1306 2633 librum
1312 2581 1422 2635 tertium

327 2665 388 2700 cam
395 2645 544 2699 emendare
552 2644 726 2713 etcorrigere
733 2645 861 2714 instituit,
882 2647 963 2700 annis
978 2648 1088 2701 demum
1102 2646 1160 2700 735.
1175 2651 1204 2700 et
1219 2647 1281 2702 736.
1298 2649 1423 2704 elabora·

327 2731 382 2784 quo
398 2720 524 2780 tempore
542 2712 635 2832 ipsum
649 2713 864 2782 etiamsapien-
882 2722 940 2767 turn
963 2721 992 2769 et
1013 2714 1173 2768 confectum
1198 2731 1265 2769 esse
1284 2723 1423 2837 putemus.

325 2782 448 2835 tissimus
466 2780 530 2837 illas
565 2797 645 2850 eges,
674 2783 862 2849 sumtuariam,
883 2781 968 2835 Cuius
991 2784 1104 2862 quidem
1126 2782 1191 2836 libri
1209 2782 1281 2837 indo
1296 2802 1327 2839 es
1348 2787 1424 2839 sanel

327 2852 362 2905 de
381 2848 527 2903 adulteriis
546 2856 575 2902 et
588 2848 738 2917 pudicitia,
759 2851 793 2904 de
808 2868 862 2906 um·
902 2868 966 2904 uam
985 2851 1135 2921 smgularis
1159 2858 1215 2920 est,
1243 2852 1423 2924 quandoqui-

326 2919 440 2986 bitu,de
450 2917 615 2974 maritandis
626 2918 780 2987 ordinibus,
792 2918 863 2971 alias
883 2868 946 2972 iem
976 2919 1049 2973 inter
1076 2919 1198 2972 carmina
1225 2922 1373 2998 gravitate
1398 2926 1424 2975 et

327 2986 474 3055 scripsisse
485 2986 794 3053 exploratumhabetur.
808 2986 863 3041 Ita·
883 2986 1031 3041 severitate
1044 2988 1130 3056 plcna
1144 2994 1326 3056 reperiuntur
1341 2990 1423 3043 etiam

327 3054 744 3125 quecarminaistaHoratiana,
759 3056 793 3108 de
824 3055 863 3107 ui·
883 3055 978 3121 multa,
998 3073 1071 3125 quae
1081 3056 1166 3124 plane
1176 3055 1249 3108 alius
1262 3063 1332 3110 sunt
1341 3074 1423 3128 genc-

326 3126 380 3178 bus
392 3124 519 3191 diximus,
531 3072 863 3191 potiusada.735.eti3o.
882 3123 928 3175 ris.
968 3123 1104 3177 Nimirum
1136 3124 1248 3177 videtur
1275 3131 1367 3193 poeta
1393 3141 1424 3179 ea

324 3193 425 3246 referri
444 3198 665 3249 cousentaneum
682 3196 739 3258 est,
759 3191 862 3260 quippe
882 3192 1018 3261 pleraque
1046 3192 1139 3245 omnia
1157 3191 1212 3244 iarn
1231 3191 1302 3245 olim
1322 3194 1423 3246 lusisse

297 3287 301 3294 ·
327 3262 429 3330 quibus
447 3266 533 3327 pocta
547 3259 731 3327 popularibus
748 3259 805 3311 suis
822 3276 863 3312 sa·
883 3259 985 3327 partim
1008 3258 1135 3313 Graecos
1157 3265 1259 3327 poetas
1289 3260 1423 3315 imitatus.

326 3327 731 3395 luberrimaAugusticonsilia
741 3327 780 3380 ita
791 3344 863 3380 com·
884 3327 962 3390 Quae
993 3345 1078 3397 quum
1106 3328 1209 3380 diutius
1237 3330 1423 3398 seposuisset,

327 3397 459 3452 mendara
471 3394 619 3460 studuerit,
638 3401 669 3445 ut
679 3395 763 3450 etiam
772 3396 863 3464 ipsum
883 3413 957 3450 nunc
989 3397 1088 3449 eadem
1118 3413 1176 3449 una
1207 3412 1270 3448 cum
1300 3398 1424 3452 carmine

327 3464 409 3515 simul
424 3462 547 3530 egregiis
561 3461 694 3513 laudibus
715 3463 863 3516 ornaverit.
884 3472 984 3532 quarto
1009 3465 1117 3517 decimo
1141 3464 1196 3517 iam
1219 3480 1297 3518 anno
1318 3466 1378 3520 730.
1397 3466 1424 3519 in

326 3530 427 3599 Neque
437 3545 504 3582 vero
514 3529 602 3582 ullum
613 3544 708 3581 eorum
719 3536 770 3597 est,
787 3533 864 3599 quod
883 3532 1005 3611 Augusti
1019 3549 1052 3585 ex
1063 3532 1202 3600 Hispania
1216 3532 1342 3587 reditum
1353 3551 1424 3588 com-

328 3597 436 3677 aliquid
460 3595 616 3660 contineat,
644 3597 720 3652 unde
739 3597 864 3665 ipsorum
883 3606 976 3670 posito
996 3618 1053 3653 non
1072 3600 1131 3654 sine
1148 3617 1250 3653 caussa
1263 3600 1373 3656 idonea
1387 3602 1424 3656 di·

329 3664 510 3733 scr1ptioncm
523 3664 553 3715 in
571 3662 649 3716 aliud
667 3669 778 3734 tempus
796 3665 864 3719 inci·
884 3669 1000 3737 vulgare
1008 3668 1162 3721 constituit.
1170 3668 1234 3722 Non
1242 3668 1423 3732 sinecaussa‚

328 3733 404 3786 disse
416 3739 493 3785 corto
509 3731 695 3786 demonstrari
710 3739 803 3803 queat.
830 3734 864 3787 Id
884 3737 1006 3807 inquam.
1024 3735 1305 3806 Agitavitenimillc,
1321 3737 1424 3808 siquid

328 3801 404 3870 quod
419 3801 454 3853 de
470 3799 591 3853 carmine
605 3799 709 3869 primo,
728 3804 864 3870 secundo,
885 3805 1023 3859 coniicere
1038 3821 1197 3873 possumus,
1215 3808 1276 3856 tum
1284 3822 1386 3859 rursus
1396 3806 1424 3859 id

328 3869 449 3937 tertio,².
463 3875 572 3938 quarto,
592 3868 703 3938 quinto,
723 3877 802 3923 sexto
818 3872 864 3924 dc·
884 3872 1008 3939 consilii,
1035 3879 1068 3925 ut
1084 3874 1198 3926 tandem
1215 3872 1298 3951 poesi
1318 3874 1424 3943 lyricae

328 3938 413 4007 eimo,
434 3936 511 4002 aliis,
530 3937 602 3990 adeo
619 3942 663 3989 est
675 3938 864 4007 manifestum,
884 3942 1070 3994 inomnctem
1092 3959 1124 3993 us
1135 3940 1317 3995 valediceret.
1342 3941 1425 4006 Quod

327 4014 359 4060 ut
373 4004 565 4075 disputatione
595 4007 659 4059 lane
671 4022 727 4059 non
738 4022 809 4075 opus
821 4007 864 4060 sit.
885 4026 969 4088 quum
981 4009 1048 4062 satis
1060 3959 1134 4062 ciere
1145 4013 1282 4077 appareat
1290 4026 1329 4062 ex
1343 4011 1424 4065 trice-

328 4075 385 4129 Sed
395 4075 553 4128 dubitatum
587 4081 696 4127 esexto
711 4080 767 4143 est,
787 4077 864 4144 quod
884 4093 950 4129 simo
963 4077 1094 4144 carmine,
1110 4093 1165 4147 quo
1176 4076 1340 4131 continetur
1349 4079 1424 4132 tertii

327 4143 439 4213 plurimi
458 4161 520 4195 cum
535 4143 687 4196 llassono³
705 4144 742 4196 ad
760 4160 864 4197 annum
883 4144 947 4198 libri
967 4146 1111 4223 epilogus,
1135 4151 1193 4197 tum
1213 4144 1319 4224 certius
1340 4147 1424 4200 etiam

356 4250 442 4287 lsicnti
453 4249 615 4294 Laclrmannus,
630 4248 746 4295 Frankius,
760 4249 864 4288 Weberus
884 4230 916 4266 ⁰⁰
960 4220 1066 4266 oscum·
1080 4231 1113 4267 ex
1128 4211 1264 4266 suetomo
1277 4213 1338 4268 vlt·
1353 4215 1423 4268 ΗΟῘ·

329 4301 437 4344 lecerunt,
453 4310 506 4347 quos
520 4310 587 4348 nuper
601 4302 729 4348 interpretes
739 4304 761 4338 et
771 4301 864 4339 editores
883 4284 906 4348 §-
933 4283 967 4350 0·‚
986 4281 1036 4334 Ubi
1045 4280 1192 4351 Augustus
1207 4286 1343 4335 narratur
1356 4283 1422 4336 seri·

329 4351 681 4399 odarumpleriquesequuusuni.
882 4355 931 4419 pta
954 4350 1014 4402 cius
1034 4350 1105 4403 adeo
1125 4348 1292 4418 probavisse
1312 4356 1344 4402 θῖ
1361 4368 1423 4420 per-

329 4401 864 4501 utlltltt‘tttttf‘tltlltll:titillet
882 4423 1257 4487 retu0ma¹1⁸urar¹¹la⁸³ev
1276 4418 1422 4473 utei11011

302 4515 311 4534 .
348 4503 367 4553 ,a
382 4502 645 4551 vuiromtproosqq.
883 4486 966 4539 modo
994 4503 1108 4540 carmon
1135 4484 1282 4540 saeculare
1306 4502 1421 4557 compo·
