3225 5442
600 714 627 764 Q.
647 711 770 754 nonant
785 712 890 754 mucor
1198 708 1290 753 xclx

190 821 337 875 ficisoatur
355 820 475 875 affectus
493 824 579 891 pleno
599 827 627 876 et
640 840 733 877 rerum
752 824 818 875 dum
827 827 1022 892 argumentum
1032 822 1201 891 primarium.
1232 823 1290 877 Iam

189 906 357 960 magnarum
367 895 418 944 aut
426 891 588 959 pulcrarum
603 891 733 945 sensibus
751 907 819 944 vero
831 892 907 961 quod
918 893 954 944 ad
965 892 1290 945 commutatioucmordi-

190 963 341 1012 commoto.
360 959 404 1011 Ex
419 975 475 1028 quo
488 976 665 1030 consequens
681 967 732 1026 est,
751 959 795 1012 nis
824 959 1027 1013 sententiarum
1049 960 1185 1028 pertinet,
1208 959 1291 1011 huius

189 1033 220 1079 ut
231 1025 323 1079 oratio
333 1026 423 1095 ipsius
434 1027 634 1095 speciesaltem
643 1027 733 1080 minus
752 1044 866 1097 quoque
882 1028 980 1080 similis
993 1027 1067 1080 ratio
1083 1035 1134 1080 est.
1161 1027 1208 1080 Fit
1217 1028 1291 1080 eninr

188 1094 330 1149 adstricta
349 1094 387 1148 sit
405 1095 595 1149 severioribus
613 1094 669 1147 illis
690 1112 733 1148 so·
751 1096 780 1148 in
797 1096 967 1148 carminibus
983 1095 1149 1149 elatioribus
1164 1103 1193 1149 ct
1208 1112 1290 1164 gran-

189 1163 270 1216 briae
285 1161 387 1215 mentis
397 1163 520 1232 legibus,
532 1163 635 1233 quibus
649 1163 678 1216 in
692 1164 733 1216 lo-
752 1164 879 1217 dioribus
890 1163 1291 1233 etiamsic,utpoctacanimus

189 1231 513 1300 quendoacdisserendo
520 1231 629 1299 utimur,
640 1248 733 1300 quam·
752 1231 873 1285 subinde
891 1232 1075 1285 insolentiore
1094 1232 1190 1300 aliquo
1214 1236 1292 1283 motu

209 1316 284 1367 uam,
300 1298 324 1351 si
334 1315 430 1351 verum
440 1300 608 1368 quaerimus,
620 1301 733 1353 easdem
753 1302 911 1353 concitetur
924 1300 1046 1370 ideoque
1062 1300 1098 1353 ab
1114 1299 1177 1352 aliis
1188 1300 1224 1353 ad
1235 1300 1292 1352 alia

187 1317 254 1420 illas
273 1368 315 1420 ita
332 1372 411 1421 tenet
433 1377 518 1436 atque
538 1367 677 1437 sequitur,
701 1372 734 1418 ut
750 1367 1200 1437 tamquamproperetacfestinet.
1208 1367 1292 1431 Quod

188 1435 308 1488 liberius
326 1440 437 1487 tantum
454 1435 489 1487 iis
508 1441 613 1503 utatur,
632 1440 732 1503 utpote
753 1436 844 1489 sicubi
861 1436 907 1502 fit,
928 1437 1059 1489 videntur
1083 1453 1167 1504 saepe
1187 1441 1291 1489 temere

188 1504 276 1556 animi
292 1502 422 1556 sensibus
438 1519 501 1555 cum
513 1510 606 1557 mente
625 1510 654 1557 et
667 1503 732 1557 rati·
750 1504 862 1557 misceri
869 1504 1290 1573 sententiaeatquecommutato

190 1588 245 1624 one
266 1572 396 1639 cognatis
416 1571 624 1640 obtemperans.
669 1573 731 1635 Quo
752 1572 941 1641 cogitatorum
952 1572 1049 1626 ordine
1059 1589 1093 1626 ac
1107 1579 1205 1625 tenore
1220 1572 1291 1624 lubi·

188 1639 305 1692 nomine
324 1639 462 1692 Horatius
479 1638 653 1693 Graecorum
667 1639 731 1709 lyri-
752 1641 851 1694 dinosc
863 1641 1008 1695 confundi.
1036 1641 1126 1703 Quam
1139 1641 1168 1692 in
1179 1657 1237 1693 rem
1248 1657 1291 1693 sa-

190 1724 289 1761 eorum
303 1706 485 1776 inprimisque
499 1707 615 1761 Pindari
631 1724 731 1777 sequu·
750 1709 786 1761 tis
805 1709 859 1762 erit
877 1710 1006 1762 attulisse
1022 1707 1291 1761 Carm.lll.14.lIl.

188 1781 235 1828 tus
258 1774 398 1828 rationem
420 1775 450 1828 in
469 1774 596 1828 celsioris
619 1776 732 1846 quidem
750 1777 1007 1831 2611166114,
1039 1776 1189 1830 Enimvero
1205 1776 1292 1829 habet

188 1842 307 1912 spiritus
319 1843 489 1897 carminibus
500 1844 571 1897 haec
584 1844 638 1897 tria
647 1844 731 1912 inpri·
751 1846 806 1899 hoc
825 1846 886 1899 sine
905 1845 991 1898 dubio
1007 1845 1115 1898 fontem
1129 1844 1291 1913 primarium

187 1912 241 1963 mis
252 1911 308 1964 sibi
317 1911 451 1981 permisit,
462 1917 494 1964 ut
503 1917 532 1965 et
541 1911 732 1981 digressiones
751 1914 874 1967 animum
888 1930 981 1967 rerum
992 1913 1131 1981 gravitate
1146 1918 1174 1965 ct
1183 1913 1290 1981 magni-

188 1979 313 2047 faceret,
338 1984 367 2032 61
385 1980 586 2033 sententiarum
606 1981 732 2033 ordinem
750 1982 847 2035 tudine
854 1982 936 2050 quasi
946 1998 1121 2049 oppressum,
1132 1986 1164 2033 ut
1172 1980 1289 2033 ferendo

186 2046 307 2101 liberius
318 2052 510 2115 commutaret,
530 2053 558 2102 et
566 2065 633 2101 vero
649 2049 732 2101 etiam
752 2050 831 2104 oneri
849 2049 940 2117 impar
961 2050 1090 2102 videatur
1111 2048 1234 2116 ideoque
1254 2048 1290 2101 ab

188 2116 266 2169 saltu
286 2114 368 2185 quasi
385 2115 462 2169 facto
479 2116 633 2169 sententias
648 2116 731 2169 inter·
751 2119 814 2171 aliis
824 2118 1064 2197 adaliapracccps
1076 2115 1290 2182 feratur,cuius-

187 2183 307 2250 medias,
320 2199 393 2253 quae
408 2184 445 2237 ad
453 2184 611 2252 pleniorem
629 2184 731 2238 intelli·
751 2203 805 2255 que
819 2186 860 2239 rei
871 2185 1074 2255 cogitationem
1088 2189 1167 2236 tanto
1178 2183 1290 2235 facilius

209 2251 316 2304 entiam
330 2252 444 2320 proprie
456 2253 677 2322 requirerentur,
697 2252 731 2305 si·
750 2271 784 2308 ac
794 2254 937 2308 lubentius
948 2252 1094 2321 arripiens,
1111 2257 1216 2321 quanto
1228 2251 1292 2319 ipsa

187 2269 277 2372 lentio
289 2319 500 2373 transmitteret.
528 2321 607 2384 Quae
619 2321 732 2391 quidem
750 2322 894 2391 praesenti
904 2322 993 2390 ipsius
1009 2320 1123 2375 affectui
1133 2326 1218 2389 atque
1228 2336 1290 2372 sen·

188 2386 286 2441 omnia
299 2387 341 2439 ita
355 2393 421 2441 sunt
436 2394 608 2457 comparata,
627 2394 660 2441 ut
673 2405 731 2441 car·
751 2391 794 2444 sui
809 2397 854 2444 est
871 2390 1092 2444 convenientior.
1125 2389 1208 2452 Quod
1227 2388 1290 2457 quis

187 2455 271 2509 minis
291 2454 374 2524 lyrici
392 2462 510 2511 naturae
534 2463 619 2526 atque
641 2456 731 2509 indoli
750 2464 794 2513 est
818 2459 885 2528 quin
907 2458 982 2511 ultro
1006 2458 1155 2527 largiatur,
1184 2456 1290 2525 lyricae

188 2521 305 2593 egregie
324 2524 503 2577 conveniant.
538 2524 610 2580 Nam
626 2525 731 2594 digrcs-
749 2529 902 2596 poesiitem
912 2527 1290 2580 maximeesseconsentane·

189 2591 732 2664 sionumquidem,quaeGraeccnapsu-
749 2596 815 2648 um?
837 2596 974 2649 Nimirum
987 2595 1104 2647 mutatio
1114 2595 1170 2647 ista
1179 2598 1289 2647 sentcn-

186 2661 281 2728 βάσεις
298 2666 444 2728 vocantur,
464 2660 535 2714 haec
549 2667 594 2715 est
605 2662 686 2729 ratio,
700 2667 732 2714 ut
749 2664 852 2716 tiarum
867 2664 972 2716 ordinis
987 2663 1072 2716 animi
1088 2662 1200 2731 quidem
1216 2678 1289 2714 com·

187 2745 268 2782 mens
279 2729 325 2781 vel
340 2728 448 2781 animus
461 2734 605 2799 tamquam
622 2729 730 2782 inscius
750 2732 818 2785 moti
827 2732 912 2785 index
922 2739 974 2798 cst,
986 2749 1039 2785 nec
1050 2748 1116 2784 vcro
1127 2732 1217 2798 ipsam
1228 2747 1289 2782 son-

186 2797 216 2848 in
226 2813 257 2850 rc
268 2795 400 2866 quapiam
416 2797 582 2851 secundaria
597 2815 659 2851 cum
669 2815 730 2850 sen·
744 2817 844 2854 ,sorum
854 2806 883 2853 et
894 2800 1082 2869 cogitatorum
1093 2799 1219 2851 ordinem
1229 2799 1289 2850 ullo

186 2864 278 2917 tentia
292 2864 425 2932 primaria
435 2865 543 2935 aliquid
557 2866 729 2919 coniunctio·
749 2869 833 2921 modo
849 2868 943 2921 aufert
957 2873 1006 2922 aut
1018 2884 1117 2921 revera
1131 2866 1288 2934 perturbat,

186 2933 231 2985 nis
241 2932 629 3001 habenteitaimmoretur,ut
638 2934 731 2988 abilla
750 2936 979 3006 quandoquidem
1007 2952 1080 3005 quae
1104 2934 1289 2987 concitatiore

188 3000 313 3070 deniqne
328 2999 441 3069 longius
460 3001 625 3056 discessisse
645 3007 674 3056 et
692 3003 729 3056 ab
748 3012 842 3058 mente
855 3005 969 3073 prolata
983 3010 1058 3071 sunt,
1079 3020 1113 3057 ea
1128 3009 1203 3055 certe
1218 3002 1288 3055 inte-

186 3074 356 3137 argumento
372 3070 519 3148 proposito
538 3070 671 3124 licentius
690 3071 729 3123 di·
748 3072 898 3125 rioreuexu
905 3079 933 3125 et
940 3069 1290 3138 cohaerentianeutiquam

187 3143 311 3204 vagatus
330 3153 393 3190 esse
411 3139 547 3191 videatur.
584 3136 670 3191 Cuius
689 3139 729 3193 rei
749 3141 947 3194 destituuntur.
990 3139 1122 3209 Denique
1150 3138 1234 3190 etiam
1260 3136 1290 3189 in

186 3204 319 3272 exempla
335 3209 401 3257 sunt
414 3203 503 3259 Oarm.
513 3206 535 3259 1.
546 3208 570 3259 7.
580 3207 631 3259 III.
642 3207 682 3260 13.
693 3208 729 3261 al.
749 3208 872 3262 carmine
883 3207 972 3277 lyrico
983 3206 1023 3259 ita
1033 3206 1074 3273 fit,
1084 3212 1115 3258 ut
1125 3204 1236 3257 omissis
1246 3204 1288 3271 iis,

187 3273 315 3336 Quarum
332 3273 444 3342 quidem
454 3291 522 3327 usus
532 3274 638 3345 lyricae
647 3276 728 3343 poesi
749 3294 822 3347 quac
837 3274 1048 3346 perspicuitatis
1063 3281 1092 3328 et
1106 3272 1289 3326 connexionis

187 3340 476 3394 convenientissimus
486 3347 537 3395 est.
557 3343 668 3412 Quippe
676 3344 728 3397 ori·
749 3344 951 3399 sententiarum
966 3360 1068 3396 caussa
1082 3342 1289 3411 interponenda

186 3414 274 3460 untur
284 3408 350 3462 illae
365 3410 438 3462 ultro
453 3415 539 3531 atque
555 3418 664 3479 sponte,
677 3411 728 3465 sic·
747 3412 870 3480 fuerunt,
878 3411 1008 3465 continuo
1016 3410 1288 3480 subiunganturalia,

186 3477 238 3529 ubi
253 3476 364 3529 animus
380 3477 438 3530 sive
455 3494 489 3531 ve
513 3480 665 3532 ementiore
680 3480 727 3534 ali·
748 3498 888 3551 quaenon
899 3480 1032 3534 continuo
1044 3479 1247 3548 expectaveris,
1258 3486 1290 3532 ut

188 3547 728 3614 quo·sensucommotussivecelsiorum
749 3568 833 3618 quum
841 3549 945 3602 omissa
956 3548 1288 3617 sentcntiageneraliore‚

187 3629 283 3665 rerum
306 3612 478 3682 cogitatione
502 3616 627 3685 repletus
647 3617 727 3684 quasi
748 3615 1288 3687 quacillustrandasit,statimafferun-

188 3680 295 3733 invitus
308 3681 409 3735 haeret
420 3682 450 3735 in
460 3684 591 3754 cognatis
601 3681 728 3738 etaflini·
747 3692 793 3738 tur
812 3685 947 3753 exempla,
968 3703 1041 3754 quac
1060 3686 1097 3738 ad
1111 3702 1173 3739 eam
1187 3684 1288 3736 illumi·

188 3748 244 3801 bus
277 3749 407 3803 sensibus
437 3755 466 3804 et
497 3752 728 3821 cogitationibus.
747 3755 998 3807 nandamvaleant.
1026 3752 1189 3816 Cuiusmodi
1199 3759 1288 3805 trans-

187 3816 340 3871 Enimvero
365 3820 599 3887 quemadmodum
621 3820 650 3873 in
674 3838 728 3874 ser·
747 3823 797 3875 itio
809 3840 867 3875 non
881 3822 978 3890 inepte
993 3828 1112 3875 vocatur
1126 3824 1209 3873 soltus
1224 3822 1286 3888 [μα’-

187 3885 321 3963 monibus
335 3884 522 3940 familiaribus
536 3887 597 3941 ficri
612 3891 728 3958 assolet,
748 3909 800 3953 cas,
812 3891 1042 3960 quandoquidem
1053 3890 1136 3942 sicuti
1145 3889 1174 3941 in
1185 3888 1287 3951 eundo,

186 3958 219 4004 ut
230 3953 380 4020 prrmariae
394 3954 436 4008 rei
446 3955 631 4024 disputationi
645 3958 728 4011 inter·
747 3958 787 4012 ita
805 3959 888 4012 etiam
907 3959 936 4011 in
951 3959 1115 4027 cogitando,
1131 3956 1180 4009 ubi
1195 3954 1289 4007 omnia

186 4024 728 4094 ponanturearumrerumdiseeptatio-
747 4022 1287 4095 pleneenuntiantur,pcdetcntimquasi

186 4105 329 4158 nes,quae
339 4089 592 4160 interloquendum
603 4093 728 4162 inprimis
748 4097 958 4165 progredimur,
986 4100 1019 4147 ut
1040 4093 1181 4162 profectov
1198 4090 1287 4142 saltus

186 4156 312 4210 animum
322 4159 526 4228 advertunt,ita
537 4161 621 4214 etiam
632 4165 660 4214 in
671 4180 729 4217 car·
748 4163 854 4233 aliquis
865 4163 959 4216 factus
973 4179 1036 4215 esse
1047 4161 1184 4222 videatur,
1201 4174 1287 4227 quum

185 4225 312 4279 minibus
330 4226 427 4296 lyricis
446 4228 559 4296 accidit,
578 4231 608 4281 in
626 4231 728 4299 quibus
749 4232 890 4285 sententia
921 4229 1017 4309 aliqua
1047 4226 1215 4281 intermedia
1252 4226 1286 4278 si-

186 4292 329 4347 eiusmodi
339 4295 531 4364 digressiones
541 4314 575 4351 eo
586 4298 677 4367 magis
686 4300 728 4352 lo·
747 4299 836 4353 lentio
859 4297 1067 4352 transm1ttitur.
1102 4294 1195 4347 Huius
1218 4311 1285 4348 vero

186 4378 251 4415 cum
271 4380 352 4415 suum
369 4369 492 4433 tuentur,
513 4382 569 4435 quo
587 4367 677 4436 magis
692 4368 728 4421 ab
745 4367 864 4420 rationis
887 4366 1017 4434 exempla
1038 4364 1115 4433 apud
1136 4363 1286 4417 Horatium

185 4430 273 4484 animi
298 4432 485 4486 commotione
497 4479 499 4483 ,
511 4433 729 4502 proficiscuntur
748 4441 814 4490 sunt
826 4433 1064 4505 frequentissima,
1079 4437 1112 4503 qt
1125 4432 1223 4501 pigeat
1232 4433 1286 4485 sin-

185 4516 304 4569 quoque
318 4500 383 4568 plus
399 4500 496 4556 valent
510 4503 547 4555 ad
562 4504 727 4557 collustran—
747 4505 815 4573 gula
833 4518 988 4557 memorare
1006 4507 1056 4555 aut
1073 4502 1172 4555 ordine
1190 4518 1285 4582 recen·

238 4584 354 4627 Horatius.
501 4588 504 4593 '
1095 4596 1115 4635 ι)
