3225 5442
303 701 366 766 192
632 710 666 776 Q.
681 708 848 766 HORATII
861 707 1006 766 FLACCI

302 883 336 936 tu
353 870 462 935 nidum
481 891 603 946 servas3
622 890 682 954 ego
699 867 794 932 laudo
811 868 892 931 ruris
912 868 1038 932 amoeni

301 966 385 1029 rivos
404 973 435 1027 et
451 984 561 1026 musco
579 960 751 1025 circumlita
769 984 847 1025 saxa
863 983 1050 1045 nemusque.

302 1058 377 1142 quid
395 1055 538 1140 quaeris?
554 1056 627 1119 rivo
645 1064 676 1119 et
692 1076 804 1140 regno,
825 1054 917 1118 simul
935 1055 999 1118 ista
1016 1055 1140 1138 reliqui,

302 1173 383 1235 quae
401 1172 457 1214 vos
475 1149 516 1214 ad
534 1148 655 1212 caelum
673 1147 790 1211 effertis
809 1170 933 1212 rumore
952 1149 1110 1226 secundo:

255 1269 285 1315 10
303 1256 400 1328 utque
418 1242 588 1307 sacerdotis
606 1241 758 1327 fugitivus
776 1241 841 1305 liba
857 1263 984 1318 reous03

302 1359 384 1423 pane
402 1358 480 1421 egeo
498 1336 561 1399 iam
578 1334 703 1398 mellitis
721 1334 842 1418 potiore
859 1334 1024 1419 placentie.

304 1433 408 1495 vivore
426 1440 555 1494 naturae
573 1428 600 1491 si
618 1428 838 1492 convenienter
856 1437 978 1512 oportet

302 1524 527 1610 ponendaeque
545 1522 639 1586 domo
656 1521 835 1604 quaerenda
852 1530 900 1585 est
916 1544 991 1585 area
1007 1522 1159 1607 primum,

305 1618 460 1684 novistine
478 1616 581 1680 locum
599 1615 751 1700 potiorem
768 1637 839 1678 rure
857 1614 968 1679 beato?

255 1734 285 1781 15
304 1723 351 1776 ost
368 1711 423 1775 ubi
440 1710 512 1795 plus
531 1718 657 1793 tepeant
673 1708 807 1785 hiemes,
826 1708 881 1773 ubi
898 1709 1018 1793 gratior
1035 1733 1115 1774 aura

303 1805 398 1868 leniat
416 1812 447 1866 et
464 1802 583 1866 rabiem
603 1800 700 1867 Canis
719 1812 751 1866 et
768 1811 927 1866 momenta
943 1802 1077 1880 Leonis,

303 1919 401 1981 quum
420 1896 516 1959 semel
534 1895 655 1979 accepit
673 1893 780 1960 Solem
798 1895 985 1960 furibundus
1004 1898 1157 1961 acutum?

304 2001 353 2056 est
370 1990 424 2054 ubi
442 1989 571 2053 divellat
589 2011 715 2053 somnos
733 1988 837 2053 minus
855 1989 961 2053 invida
978 1991 1075 2054 cura?

304 2084 440 2149 deterius
459 2083 591 2167 Libycis
610 2082 673 2146 olet
690 2092 744 2146 aut
762 2082 839 2146 nitet
856 2082 954 2147 herba
969 2083 1108 2170 lapillis?

254 2199 286 2246 20
304 2179 410 2264 purior
426 2177 460 2240 in
477 2176 554 2240 vicis
573 2198 655 2259 aqua
672 2176 771 2240 tendit
787 2198 931 2261 rumpere
948 2176 1129 2262 plumbum,

306 2293 400 2354 quam
418 2292 498 2353 quae
516 2292 573 2355 per
590 2292 722 2355 pronum
740 2270 874 2354 trepidat
891 2292 964 2334 oum
981 2293 1147 2337 murmure
1165 2273 1280 2338 rivum?

305 2387 417 2449 nempe
435 2366 515 2428 inter
531 2365 634 2428 varias
651 2364 786 2427 nutritur
803 2363 883 2428 silva
899 2364 1073 2443 columnas,

304 2458 510 2541 laudaturque
529 2458 655 2534 domus,
674 2457 786 2543 longos
804 2479 885 2541 quae
903 2458 1056 2543 prospicit
1074 2484 1182 2546 agros.

304 2560 447 2615 naturam
466 2551 602 2636 expelles
621 2551 723 2628 furca,
742 2560 848 2616 tamen
864 2574 965 2635 usque
981 2566 1125 2619 recurret

254 2666 287 2713 25
306 2656 336 2709 et
353 2644 436 2708 mala
452 2654 633 2729 perrumpet
649 2645 757 2709 furtim
774 2646 908 2731 vestigia
925 2646 1047 2711 victrix.

305 2761 382 2815 non,
402 2740 455 2821 qui
475 2736 606 2803 Sidonio
624 2739 810 2804 contendere
828 2739 958 2804 callidus
977 2749 1065 2805 ostro

305 2832 405 2896 nescit
421 2832 612 2915 Aquinatem
631 2833 771 2917 potantia
786 2832 903 2897 vellera
919 2833 1036 2909 fucum,

306 2927 420 2990 certius
439 2926 569 3011 accipiet
587 2927 736 2990 damnum
752 2928 921 3013 propiusve
938 2929 1096 3008 medullis,

306 3042 400 3103 quam
419 3019 552 3102 quinon
571 3021 684 3105 poterit
700 3043 774 3085 vcro
793 3022 984 3108 distinguere
1001 3022 1130 3088 falsum.
1206 3044 1210 3053 ·

257 3133 290 3181 30
307 3135 401 3196 quem
418 3136 469 3178 res
486 3114 558 3198 plus
576 3115 672 3179 nimio
690 3115 883 3179 delectavere
902 3116 1069 3194 secundae,

306 3217 444 3271 mutatae
462 3208 611 3290 quatient.
635 3207 662 3271 si
680 3208 755 3291 quid
772 3209 938 3296 mirabere,
957 3214 1056 3294 pones

306 3301 433 3365 invitus.
456 3301 533 3386 fuge
550 3324 679 3387 magna3
697 3301 770 3365 licet
788 3303 848 3367 sub
865 3325 1003 3387 paupere
1021 3312 1105 3367 tecto

306 3417 397 3480 reges
416 3405 447 3459 et
463 3417 574 3480 regum
593 3396 656 3458 vita
673 3417 870 3480 praecurrere
889 3396 1015 3461 amicos.

307 3509 418 3551 cervus
437 3510 552 3571 equum
569 3511 677 3574 pugna
693 3489 803 3554 melior
819 3489 1036 3554 communibus
1054 3490 1163 3556 herbis

257 3600 288 3647 35
306 3581 455 3664 pellebat,
474 3583 573 3646 donec
592 3582 692 3646 minor
708 3583 742 3646 in
759 3584 926 3648 certamine
944 3584 1038 3670 longo

306 3674 484 3759 imploravit
501 3698 576 3760 opes
595 3676 728 3741 hominis
746 3676 933 3761 frenumque
950 3678 1076 3763 recepit.

307 3768 364 3831 sed
380 3780 548 3853 postquam
565 3766 664 3835 victor
680 3771 800 3835 violens
819 3771 964 3836 discessit
981 3771 1021 3836 ab
1039 3771 1142 3850 hoste,

306 3885 369 3925 non
387 3864 523 3945 equitem
541 3865 648 3941 dorso,
667 3888 731 3928 non
747 3865 871 3929 frenum
889 3865 1008 3950 depulit
1025 3888 1088 3929 ore.

308 3956 353 4019 sic
371 3956 424 4039 qui
441 3958 623 4042 pauperiem
640 3959 756 4023 veritus
775 3959 895 4044 potiore
913 3959 1046 4023 metallis

256 4068 289 4114 40
306 4049 449 4114 libertate
467 4061 564 4128 caret,
583 4052 744 4116 dominum
761 4053 856 4117 vehet
872 4052 1033 4136 improbus
1052 4062 1148 4136 atque

308 4144 421 4208 serviet
438 4155 611 4223 aeternum,
631 4146 705 4229 quia
721 4169 818 4231 parvo
836 4148 954 4211 nesciet
971 4147 1025 4209 uti.

309 4239 359 4301 cui
376 4261 440 4303 non
457 4240 620 4303 conveniet
638 4263 776 4319 suares,
794 4251 830 4305 ut
847 4241 970 4306 calceus
988 4240 1072 4317 olim,

309 4332 336 4394 si
353 4332 433 4416 pede
451 4333 550 4396 maior
567 4333 637 4410 erit,
657 4334 830 4412 subvertet,
850 4334 877 4400 si
894 4336 1008 4411 minor,
1027 4344 1105 4398 uret.

308 4423 408 4489 laetus
427 4435 509 4489 sorte
527 4436 581 4490 tua
598 4428 685 4492 vives
704 4430 873 4513 sapienter,
894 4427 1002 4503 Aristi,

258 4530 291 4579 45
308 4538 367 4579 nec
384 4540 434 4580 me
452 4518 588 4585 dimittes
606 4522 840 4608 incastigatum,
859 4523 914 4587 ubi
930 4522 1021 4607 plura
