3225 5442
491 717 650 775 EPODON
668 718 793 773 Lfflnu

271 909 273 937 ;
292 876 388 942 semel
406 876 545 942 offensae
563 876 652 941 cedet
670 876 845 941 constantia
862 874 991 952 formae,

270 973 287 1035 i
304 984 408 1036 certus
425 970 546 1035 intrarit
564 969 661 1034 dolor.

269 1082 314 1143 tn,
333 1066 522 1150 quicumque
541 1087 575 1129 es
594 1063 715 1129 felicior
732 1074 827 1148 atque
846 1087 916 1130 meo
934 1085 1018 1128 nune

269 1160 414 1245 tuperbus
432 1158 551 1223 incedis
568 1158 662 1235 malo,

278 1277 389 1339 pecore
408 1264 439 1318 et
455 1253 554 1317 multa
571 1253 660 1317 dives
678 1253 788 1318 tellure
804 1251 920 1329 licebit,

268 1349 378 1432 ibique
396 1347 546 1412 Pactolus
564 1346 650 1425 fluat,

268 1465 276 1506 a
293 1452 324 1506 te
341 1442 542 1527 Pythagorae
560 1440 670 1505 fallant
688 1463 802 1505 areana
818 1439 928 1515 renati,

268 1535 423 1619 iormaque
441 1536 549 1600 vincas
566 1534 676 1611 Nirea;

267 1630 312 1695 iul
331 1630 497 1695 translatos
516 1629 576 1694 alio
594 1629 749 1694 maerebis
767 1650 903 1693 amores:

267 1733 388 1810 retego
406 1723 545 1789 vicissim
563 1723 669 1788 risero.

493 2001 692 2063 CARMEN
714 2001 807 2061 XVI.

417 2154 470 2203 AD
489 2153 665 2205 POPULUM
682 2152 881 2203 ROMANUM.

266 2300 331 2354 tera
347 2289 411 2353 iam
429 2288 537 2353 teritur
554 2288 645 2354 bellis
663 2288 808 2354 civilibus
826 2299 923 2365 aetas,

265 2384 330 2448 suis
349 2393 380 2446 et
397 2383 467 2468 ipsa
484 2382 588 2447 Roma
605 2382 725 2447 viribus
742 2382 819 2447 ruit:

265 2501 315 2541 am
333 2498 435 2559 neque
452 2476 576 2541 finitimi
593 2476 759 2541 valuerunt
775 2477 907 2562 perdere
925 2476 1026 2541 Marsi

263 2570 393 2635 minaeis
412 2578 467 2633 aut
483 2569 620 2635 Etrusca
637 2570 796 2636 Porsenae
814 2593 936 2647 manus,

263 2664 345 2728 muln
361 2685 420 2728 nee
439 2663 536 2728 virtus
557 2662 701 2748 Capuae,
719 2686 779 2729 nee
798 2662 970 2749 Spartacus
990 2686 1061 2727 acer
1185 2683 1202 2728 o

263 2758 415 2842 novisque
433 2757 528 2823 rebus
545 2758 681 2823 infidelis
698 2757 865 2835 Allobrox,

262 2874 279 2916 e
297 2853 364 2916 fera
381 2851 524 2916 caerulea
542 2852 663 2916 domuit
681 2850 853 2920 Germania
869 2851 953 2936 pube

263 2945 508 3030 parentibusque
526 2945 724 3011 abominatus
742 2946 921 3023 Hannibal;

261 3040 319 3123 npia
335 3039 503 3123 perdemus
521 3040 628 3104 devoti
646 3041 808 3126 sanguinis
827 3050 923 3117 aetas,

265 3132 402 3216 ferisque
419 3155 528 3199 narsus
547 3134 752 3218 occupabitur
769 3132 880 3198 solum.
1190 3150 1221 3196 10

261 3225 373 3290 rbarus
390 3226 453 3290 heu
471 3227 591 3291 cineres
609 3228 734 3292 insistet
750 3228 864 3302 victor,
884 3235 915 3290 et
931 3225 1041 3290 urbem

266 3341 362 3402 eques
380 3330 511 3385 sonante
529 3319 706 3386 verberabit
722 3319 855 3407 ungula3

260 3434 365 3495 raeque
383 3422 490 3477 carent
508 3413 609 3478 ventis
628 3423 659 3478 et
677 3413 796 3479 solibus
816 3436 890 3478 ossa
908 3411 1046 3495 Quirini,
1065 3450 1107 3458 —

265 3507 354 3571 nesae
373 3507 486 3585 videri,
505 3545 547 3555 -
566 3508 732 3593 dissipabit
749 3507 897 3574 insolens.

259 3609 303 3664 rte
320 3602 397 3683 quid
415 3601 560 3686 expediat
578 3603 785 3667 communiter
801 3611 856 3666 aut
873 3602 983 3665 melior
1000 3623 1073 3684 pars
1190 3621 1222 3666 15

266 3695 356 3759 malis
376 3718 480 3760 carere
497 3696 646 3778 quaeritis
664 3696 839 3775 laboribus3

258 3790 309 3854 lla
327 3791 368 3855 sit
385 3791 445 3856 hae
461 3791 565 3876 potior
582 3793 749 3858 sententia:
767 3792 985 3857 Phocaeorum

266 3883 352 3948 velut
369 3884 511 3971 profugit
528 3897 690 3951 exsecrata
707 3886 817 3950 civitas

256 4000 318 4062 gros
336 3987 430 4062 atque
448 3980 550 4044 Lares
567 3980 698 4065 patrios,
717 3979 949 4060 habitandaque
967 3975 1042 4039 fana

267 4072 351 4157 apris
369 4073 493 4156 reliquit
510 4083 542 4138 et
557 4074 724 4159 rapacibus
742 4073 835 4157 lupis,
1189 4088 1222 4134 ‘20

255 4186 269 4229 e
286 4166 383 4249 pedes
402 4188 600 4249 quocumque
618 4167 733 4253 ferent,
751 4185 951 4249 quocumque
969 4184 1025 4246 per
1042 4160 1143 4224 undas

260 4259 369 4325 Notus
388 4262 525 4339 vocabit,
545 4271 599 4327 aut
615 4270 779 4347 protervus
797 4259 938 4323 Africus.
1047 4275 1049 4279 ·

254 4354 410 4440 eplaeet?
427 4379 467 4420 an
485 4356 596 4421 melius
615 4356 685 4439 quis
704 4354 799 4419 habet
817 4350 1017 4419 suadere?—
1033 4347 1170 4413 secunda

269 4458 367 4514 ratem
386 4471 539 4534 occupare
557 4449 633 4534 quid
651 4472 810 4514 moramur
827 4445 918 4513 alite?
