3225 5442
148 693 174 832 Ξ
542 729 767 786 SATlRARUM
785 730 860 784 LIB.
876 732 896 784 l.
1169 719 1231 783 143

148 861 172 970 f'..
196 890 342 955 Hectora
358 888 540 953 Priamiden
558 888 734 951 animosum
752 897 846 970 atque
865 888 945 952 inter
962 885 1120 952 Achillem

148 1029 157 1058 ,
189 986 248 1049 ira
263 985 323 1047 fuit
341 983 497 1069 capitalis,
517 991 551 1045 ut
569 982 678 1045 ultima
697 982 849 1045 divideret
867 1004 961 1058 mors,

148 1067 159 1152 ’,
193 1101 264 1143 non
281 1078 374 1141 aliam
393 1076 433 1141 ob
452 1099 611 1152 caussam,
630 1076 691 1145 nisi
709 1077 794 1159 quod
812 1076 910 1140 virtus
928 1077 962 1139 in
978 1085 1110 1160 utroque
1150 1113 1153 1121 ·

148 1215 152 1226 ι
196 1195 324 1237 summa
341 1171 415 1247 suit3
433 1172 496 1234 duo
515 1170 542 1233 si
559 1170 715 1234 discordia
732 1180 826 1234 vexet
843 1171 967 1246 inertes,
1252 1196 1281 1239 15

153 1289 160 1296 ·
196 1276 256 1331 aut
274 1267 300 1329 si
318 1264 494 1349 disparibus
514 1263 631 1328 bellum
648 1264 778 1340 incidat,
797 1274 832 1327 ut
850 1264 1000 1328 Diomedi

196 1384 273 1425 cum
290 1362 392 1444 Lycio
412 1358 548 1435 Glauce,
569 1359 709 1423 discedat
725 1359 857 1445 pigrior,
876 1359 957 1423 ultro

195 1454 381 1519 muneribus
399 1454 514 1517 missis.
533 1453 632 1517 Bruto
651 1463 792 1537 praetore
811 1463 935 1517 tenente

196 1549 297 1611 ditem
314 1547 440 1625 Asiam,
458 1548 567 1632 Rupili
585 1557 615 1611 et
633 1546 724 1611 Persi
741 1570 799 1633 par
815 1558 949 1632 pugnat,
969 1549 1015 1612 uti
1032 1572 1094 1612 non

148 1643 159 1696 ἶ*
197 1642 407 1727 compositum
426 1643 537 1706 melius
557 1665 628 1705 cum
646 1642 741 1706 Bitho
760 1642 927 1706 Bacchius.
947 1642 979 1705 in
997 1643 1046 1706 ius
1250 1665 1282 1711 20

148 1755 157 1808 ·’,
197 1758 288 1801 acres
305 1745 503 1821 procurrunt,
523 1759 672 1822 magnum
692 1736 905 1821 spectaculum
924 1746 1066 1819 uterque.

148 1865 157 1912 ⁷.
198 1828 331 1894 Persius
350 1830 477 1914 exponit
495 1851 654 1907 caussam3
672 1830 791 1893 ridetur
809 1828 848 1892 ab
867 1830 952 1893 omni

156 1933 163 2000 ζ
198 1934 369 1988 conventu:
387 1924 494 1987 laudat
511 1924 645 1988 Brutum
663 1924 832 2006 laudatque
851 1924 1024 2001 cohortem3

148 2041 149 2046 ¹
199 2019 298 2083 solem
316 2017 415 2082 Asiae
432 2018 567 2082 Brutum
585 2019 722 2103 appellat
740 2019 909 2101 stellasque
928 2018 1070 2082 salubres

148 2127 154 2198 ᾗ
198 2114 337 2198 appellat
354 2114 498 2190 comites,
517 2124 648 2199 excepto
665 2115 755 2199 Rege
761 2139 770 2192 3
790 2137 899 2178 canem
918 2114 1015 2188 illum,

155 2203 160 2210 ’
198 2208 336 2271 invisum
354 2207 498 2293 agricolis
518 2208 619 2285 sidus,
638 2208 777 2285 venisse3
795 2207 906 2272 ruebat

198 2302 318 2365 flumen
333 2310 369 2364 ut
386 2300 552 2365 hibernum
569 2302 667 2365 fertur
684 2324 747 2385 quo
764 2326 836 2365 rara
854 2302 981 2365 securis.

199 2407 266 2459 tum
285 2393 509 2459 Praenestinus
529 2396 613 2462 salso
630 2396 791 2478 multoque
811 2396 919 2459 fluenti

200 2512 350 2573 expressa
367 2489 496 2554 arbusto
513 2490 628 2576 regerit
646 2491 787 2555 convicia
804 2492 901 2555 durus

158 2653 161 2660 ¹
200 2583 406 2647 vindemiator
424 2594 455 2647 et
471 2584 621 2661 invictus,
640 2584 692 2648 cui
710 2607 805 2670 saepe
823 2586 923 2649 viator

200 2676 362 2755 cessisset,
381 2700 497 2763 magna
514 2678 704 2763 compellans
722 2701 799 2744 voce
819 2680 972 2743 cuculum.

200 2779 233 2833 at
252 2767 408 2847 Graecus,
427 2784 595 2856 postquam
613 2781 661 2837 est
677 2773 758 2838 Italo
776 2773 924 2859 perfusus
943 2784 1041 2851 aceto,

199 2864 331 2928 Persius
350 2866 518 2930 exclamat:
539 2888 614 2951 „per
630 2891 778 2952 magnos,
797 2869 910 2946 Brute,
929 2870 1005 2933 deos
1024 2878 1055 2932 te

201 2980 270 3034 oro,
289 2958 344 3042 qui
361 2980 452 3045 reges
471 2960 630 3024 consueris
650 2961 771 3039 tollere,
790 2984 847 3025 cur
863 2985 926 3025 non

199 3051 285 3115 hunc
293 3051 417 3139 Regem
428 3052 572 3138 iugulas?
584 3076 714 3137 operum
728 3055 797 3132 hoc,
812 3055 1004 3131 mihicrede,
1018 3065 1141 3119 tuorum
1152 3059 1229 3119 est.“
1250 3075 1281 3121 35

569 3297 750 3358 SATIRA
771 3300 865 3358 VIII.

202 3424 291 3492 Olim
308 3436 435 3493 truncus
454 3450 539 3493 eram
556 3430 704 3508 ficulnus,
723 3430 832 3495 inutile
850 3432 980 3517 lignum,

200 3543 299 3603 quum
317 3522 419 3600 faber,
438 3523 575 3588 incertus
595 3546 757 3589 scamnum
776 3526 935 3591 faceretne
952 3527 1114 3612 Priapum,

199 3614 311 3677 maluit
328 3637 398 3679 esse
415 3616 519 3680 deum.
539 3618 617 3682 deus
635 3619 708 3683 inde
727 3642 800 3706 ego,
820 3620 924 3684 furuni
944 3621 1111 3704 aviumque

200 3708 339 3771 maxima
356 3708 504 3786 formid03
517 3705 596 3776 ‘nam
615 3714 701 3778 fures
720 3714 830 3779 dextra
849 3727 971 3779 coercet

200 3800 399 3886 obscenoque
417 3804 511 3869 ruber
527 3819 688 3891 porrectus
707 3809 747 3873 ab
765 3809 894 3894 inguine
912 3810 1017 3895 palus:

200 3904 251 3960 ast
268 3895 461 3981 importunas
479 3900 622 3966 volucres
640 3903 673 3966 in
692 3903 805 3967 vertice
825 3905 945 3968 arundo

199 3998 296 4053 terret
312 3990 376 4055 fixa
392 4002 539 4076 vetatque
557 3996 653 4061 novis
665 3998 828 4061 considere
845 3998 878 4061 in
896 3998 1003 4061 hortis.

199 4082 263 4147 huc
279 4084 366 4169 prius
384 4089 527 4173 angustis
546 4089 644 4153 eiecta
662 4091 816 4156 cadavera
833 4092 919 4156 cellis

200 4198 372 4244 conservus
390 4182 445 4245 vili
462 4184 615 4267 portanda
631 4184 756 4250 locabat
772 4186 804 4249 in
824 4208 909 4263 arca3

199 4268 260 4335 hoc
278 4272 411 4339 miserae
428 4276 514 4361 plebi
532 4278 636 4342 stabat
652 4302 819 4345 commune
838 4279 1030 4365 sepulcrum

199 4362 378 4432 Pantolabo
397 4392 521 4435 scurrae
538 4372 797 4457 Nomentanoque
817 4374 922 4459 nepoti

201 4458 286 4523 mille
303 4463 401 4546 pedes
419 4463 452 4527 in
469 4465 571 4529 fronte
576 4514 586 4543 ,
605 4476 759 4533 trecentos
779 4469 889 4554 cippus
907 4468 940 4531 in
959 4488 1068 4553 agrum
