3225 5442
317 678 379 744 110
647 686 857 754 QHORATH
868 686 1015 744 FLAccl

442 869 558 933 pavore
576 867 703 911 somnos
721 844 871 910 auferam.
944 869 961 899 ο

401 965 457 1006 vos
476 940 567 1005 turba
583 940 710 1005 vicatim
727 938 801 1004 hino
818 949 850 1005 et
866 940 942 1005 bino
959 941 1049 1007 saxis
1066 950 1177 1027 petens

444 1034 613 1099 contundet
630 1033 803 1099 obscoenas
821 1056 910 1098 anus.

400 1139 473 1215 post
489 1129 645 1213 insepulta
662 1127 804 1192 membra
820 1128 966 1193 different
983 1129 1054 1215 lupi

444 1233 476 1287 et
492 1222 676 1305 Esquilinae
694 1221 800 1299 alites3

402 1338 504 1399 neque
522 1316 583 1379 hoo
598 1324 758 1400 parentes,
776 1315 841 1380 heu
857 1316 934 1380 mihi
952 1316 1157 1402 superstitesl

427 1494 431 1502 =
446 1410 592 1497 effugerit
609 1410 854 1495 speomoulum.“

693 1686 891 1747 CARMEN
912 1688 972 1748 VI.

616 1837 654 1886 m
675 1837 840 1889 cnssrmt
858 1783 1047 1890 saranum.

403 1972 490 2056 Quid
506 1972 706 2036 immerentes
722 1971 863 2056 hospites
881 1993 979 2037 vexas
997 1974 1086 2038 canis

445 2068 579 2153 ignavus
597 2066 764 2130 adversum
780 2065 892 2150 lupos?

402 2161 479 2244 quin
495 2160 558 2224 huo
574 2160 699 2236 inanes,
718 2159 746 2224 si
761 2169 867 2244 potes,
885 2160 982 2224 vertis
1000 2160 1105 2225 minas

445 2265 476 2316 et
493 2274 543 2317 me
560 2274 771 2317 remorsurum
788 2252 889 2337 petis?

402 2370 475 2411 nam
493 2345 594 2429 qualis
613 2355 667 2409 aut
683 2345 846 2411 Molossus
864 2355 918 2411 aut
936 2346 1042 2411 fulvus
1061 2348 1183 2425 Lacon,

445 2440 546 2503 amica
563 2439 611 2503 vis
629 2438 818 2524 pastoribus,

402 2557 495 2621 agam
512 2555 569 2618 per
586 2533 666 2597 altas
683 2556 758 2597 aure
777 2532 901 2598 sublata
917 2534 1018 2610 nives,

444 2648 660 2711 quaecumque
678 2627 845 2712 praecedet
861 2626 937 2690 fera.

402 2732 437 2785 tu
454 2743 525 2784 cum
544 2721 682 2784 timenda
700 2742 777 2785 voce
794 2720 958 2804 complesti
973 2743 1098 2798 nemus,

445 2814 618 2899 proiectum
635 2814 775 2879 odoraris
793 2814 908 2878 cibum.

402 2930 477 2972 eave
496 2929 586 2971 cave:
604 2928 739 2989 namque
756 2908 790 2970 in
806 2907 906 2972 malos
923 2908 1115 2992 asperrimus

443 3010 553 3086 parata
570 3000 644 3066 tollo
663 3022 788 3077 cornua,

401 3095 502 3177 qualis
519 3094 703 3180 Lycambae
722 3103 844 3179 spretus
862 3094 958 3158 infido
976 3116 1082 3180 gener,

363 3216 366 3220 ·
445 3197 499 3252 aut
516 3210 588 3252 acer
605 3187 704 3251 hostis
722 3187 856 3272 Bupalo

402 3305 442 3345 an
460 3282 487 3345 si
504 3282 575 3364 quis
594 3290 660 3345 atro
678 3281 771 3345 dente
789 3303 840 3345 me
857 3280 1010 3365 petiverit,

443 3375 560 3438 inultus
578 3384 614 3438 ut
631 3374 713 3439 flebo
729 3375 827 3458 puer?

682 3651 880 3711 OARMEN
902 3650 978 3709 VII.

597 3802 649 3849 Al)
669 3802 845 3853 POPULUM
863 3799 1061 3851 ROMANUM.

401 3931 474 4015 Quo
491 3956 555 4017 quo
573 3934 697 3999 scelesti
712 3934 822 3998 ruitis?
839 3944 894 3998 aut
912 3957 967 3999 cur
984 3932 1121 3998 dexteris

442 4038 588 4112 aptantur
605 4040 696 4093 en'ses
715 4028 851 4093 conditi?

398 4142 548 4204 parumne
566 4117 684 4207 eampis
703 4132 795 4205 atque
813 4122 959 4207 Neptuno
978 4142 1073 4205 super

441 4213 547 4278 susum
565 4224 614 4279 est
630 4216 738 4279 Latini
757 4215 929 4301 sanguinis,

282 4325 292 4349 f
399 4327 476 4381 non,
495 4315 530 4369 ut
547 4307 698 4390 superbas
716 4308 840 4372 invidae
861 4307 1062 4393 Carthaginis

441 4398 603 4462 Romanus
621 4422 708 4466 arces
727 4412 839 4480 ureret,
