3225 5442
225 689 290 758 206
559 695 936 764 ououacurnsocr

227 883 351 937 serras3
368 857 439 924 fidis
457 855 542 920 enim
559 877 686 919 manare
703 856 832 940 poetica
848 855 954 919 mella

176 978 210 1025 ⁴5
228 971 258 1023 te
276 955 393 1031 solum,
411 951 468 1017 tibi
484 950 623 1037 pulcher.
646 949 688 1014 ad
703 949 783 1014 haec
801 972 865 1035 ego
882 950 1016 1017 naribus
1034 954 1079 1016 uti

227 1049 376 1124 formido,
395 1058 425 1112 ct
442 1044 590 1109 luctantis
607 1053 700 1109 acuto
717 1065 757 1108 ne
775 1066 867 1108 secer
885 1046 999 1130 ungui,

230 1143 393 1227 „displicet
409 1140 468 1204 iste
485 1138 598 1204 locus“
617 1138 732 1215 clamo,
750 1146 783 1202 et
799 1138 925 1204 diludia
941 1162 1050 1224 posco.

229 1237 321 1302 ludus
339 1234 422 1301 enim
440 1233 550 1320 genuit
566 1232 720 1318 trepidum
737 1241 900 1296 certamen
919 1242 953 1297 et
969 1234 1058 1309 iram,

229 1333 276 1396 ira
292 1341 395 1396 truces
413 1327 591 1393 inimicitias
608 1338 639 1392 et
656 1326 788 1392 funebre
805 1326 940 1392 bellum.

569 1526 814 1589 EPISTOLA
836 1530 918 1588 XX.

546 1673 602 1721 nn
629 1672 791 1756 nrnnuu
819 1672 954 1723 suum.

229 1800 437 1866 Vertumnum
456 1799 643 1882 Ianumque,
661 1796 753 1874 liber,
772 1806 915 1882 spectare
934 1798 1063 1876 videris,

230 1893 350 1959 seilicet
366 1904 401 1958 ut
418 1903 541 1978 prostes
561 1889 724 1957 Sosiorum
740 1890 865 1975 pumice
883 1894 1038 1957 mundus.

229 1989 324 2055 odisti
341 1989 446 2054 claves
464 1998 496 2053 et
512 1997 603 2075 grata
620 1986 723 2073 sigilla
738 1985 853 2071 pudico
859 2011 869 2063 ;

229 2082 338 2170 paucis
356 2082 479 2147 ostendi
496 2081 597 2169 gemis
615 2091 647 2146 et
663 2079 840 2145 communia
857 2080 984 2160 laudas,

197 2199 213 2245 o
230 2201 294 2243 non
311 2178 355 2243 ita
371 2177 516 2242 nutritus.
539 2176 616 2263 fuge
633 2198 697 2260 quo
713 2174 903 2239 descendere
920 2177 1036 2261 gestis.

229 2294 293 2337 non
310 2271 369 2336 erit
385 2270 502 2336 emisso
519 2271 636 2335 reditus
655 2269 720 2335 tibi
744 2268 839 2352 „quid
856 2266 957 2334 miser
975 2271 1049 2357 egi?

230 2365 307 2449 quid
324 2363 451 2430 volui?“
470 2364 571 2443 dices,
592 2363 645 2429 ubi
661 2364 731 2448 quis
749 2373 780 2427 te
796 2362 938 2441 laeserit;
958 2375 993 2430 et
1011 2366 1075 2431 scis
1117 2362 1122 2370 ’

230 2462 263 2525 in
280 2460 376 2526 breve
393 2470 424 2525 tc
442 2460 528 2547 cogi,
546 2482 646 2544 quum
664 2460 776 2545 plenus
793 2458 923 2545 languet
941 2470 1078 2526 amator.

230 2554 345 2638 quodsi
361 2576 425 2619 non
442 2554 515 2619 odio
531 2553 690 2641 peccantis
708 2552 822 2639 desipit
838 2575 952 2638 augur,

184 2668 215 2715 ιο
233 2670 324 2713 carus
342 2648 404 2714 eris
421 2648 557 2725 Romae,
576 2647 677 2713 donec
693 2656 725 2712 te
742 2646 865 2711 deseret
882 2656 991 2725 aetas;

231 2753 439 2810 contrectatus
457 2743 513 2809 ubi
529 2742 673 2808 manibus
692 2742 871 2808 sordescere
888 2741 981 2827 vulgi

230 2838 385 2923 coeperis,
404 2847 458 2902 aut
476 2837 575 2902 tineas
591 2859 703 2924 pasces
721 2836 892 2901 taciturnus
910 2835 1042 2915 inertes,

230 2943 285 2996 aut
302 2931 406 3019 fugies
425 2932 553 2997 Uticam
570 2941 625 2997 aut
640 2931 763 2996 vinctus
781 2930 913 2995 mitteris
931 2930 1084 2997 Ilerdam.

229 3025 344 3091 ridebit
360 3026 495 3090 monitor
511 3048 576 3090 non
592 3025 772 3102 exauditus,
791 3034 826 3087 ut
843 3024 908 3101 ille,

183 3139 213 3186 15
230 3120 284 3201 qui
302 3121 383 3183 male
400 3129 561 3205 parentem
578 3119 610 3184 in
627 3141 721 3204 rupes
738 3118 887 3204 protrusit
904 3118 1044 3183 asellum

230 3212 342 3278 iratus:
362 3214 432 3297 quis
450 3214 533 3278 enim
550 3213 683 3277 invitum
701 3236 825 3278 servare
842 3212 984 3277 laboret?
1041 3206 1044 3210 ’

229 3305 290 3371 hoc
307 3329 432 3391 quoque
450 3318 481 3371 te
498 3317 616 3385 manet,
635 3317 670 3371 ut
685 3330 800 3392 pueros
819 3306 974 3371 elementa
991 3307 1163 3373 docentem

229 3411 361 3485 occupet
379 3403 525 3468 extremis
542 3403 576 3466 in
593 3402 670 3467 vicis
688 3401 782 3467 balba
800 3410 955 3478 senectus.

230 3515 327 3576 quum
346 3495 403 3560 tibi
420 3496 467 3561 sol
486 3497 608 3582 tepidus
626 3496 731 3581 plures
749 3495 922 3559 admoverit
940 3516 1046 3572 aures,

178 3605 211 3653 20
229 3609 279 3651 me
296 3587 441 3654 libertino
458 3600 567 3654 natum
583 3599 672 3676 patre
690 3589 770 3653 etin
788 3588 873 3652 tenui
890 3610 924 3652 re

228 3681 362 3747 maiores
379 3705 498 3767 pennas
516 3683 591 3748 nido
609 3683 787 3748 extendisse
804 3682 952 3765 loqueris,

229 3786 264 3839 ut
281 3785 433 3860 quantum
450 3778 558 3863 generi
575 3777 699 3855 demas,
717 3776 884 3841 virtutibus
902 3774 1017 3852 addas3

229 3892 279 3933 me
296 3871 405 3955 primis
424 3871 509 3937 urbis
527 3871 602 3936 belli
618 3872 776 3957 placuisse
794 3869 941 3952 domique
947 3894 956 3947 ;

229 3965 366 4049 corporis
385 3965 505 4051 exigui,
522 3988 726 4051 praecanum,
747 3963 866 4030 solibus
884 3971 1003 4048 aptum,

177 4072 210 4121 25
227 4055 320 4122 irasci
338 4058 483 4136 celerem,
503 4069 608 4124 tamen
625 4070 661 4124 ut
677 4058 841 4145 placabilis
860 4079 972 4122 essem.

227 4149 308 4215 forte
325 4173 431 4216 meum
449 4153 476 4217 si
493 4153 564 4235 quis
583 4163 613 4217 ts
630 4152 863 4239 percontabitur
880 4172 1003 4226 aevum,

227 4266 278 4308 me
296 4254 405 4327 quater
422 4247 563 4312 undenos
583 4248 660 4312 sciat
677 4247 858 4332 implevisse
875 4242 1081 4319 Decembres,
1104 4253 1106 4258 '

228 4336 379 4421 collegam
397 4339 557 4425 Lepidum
575 4363 638 4424 quo
656 4342 745 4405 duxit
762 4340 887 4405 Lollius
905 4362 996 4403 anno.
