3225 5442
637 678 670 743 Q.
685 676 851 733 HORATII
864 676 1005 732 FLACCI

480 833 663 899 Caecubum
681 844 712 897 et
729 834 836 918 praelo
854 834 1006 898 domitam
1025 834 1146 900 Caleno

479 938 513 991 tu
530 927 621 992 bibes
639 950 747 991 uvam:
766 949 838 990 mea
855 949 913 991 neo
930 927 1086 992 Falernae

479 1011 654 1106 temperent
670 1021 750 1085 vites
768 1043 871 1103 neque
889 1021 1050 1087 Formiani

540 1117 655 1199 poeula
672 1115 777 1180 eolles.

665 1375 863 1435 OARMEN
885 1376 979 1435 XXI.

466 1517 617 1568 irrunus
637 1518 689 1566 An
708 1518 861 1567 nrauAM
878 1520 929 1567 nr
950 1518 1179 1569 anonumum

456 1643 595 1706 Dianam
613 1651 737 1706 tenerae
757 1642 851 1707 dieite
870 1643 1015 1728 virgines,

455 1737 627 1812 intonsum,
646 1737 749 1821 pueri,
770 1736 864 1800 dieite
883 1735 1057 1821 Cynthium

496 1831 715 1913 Latonamque
734 1852 881 1915 supremo

539 1924 684 1987 dilectam
700 1925 826 2007 penitus
844 1924 921 1988 Iovi.

456 2082 512 2123 vos
531 2060 646 2123 laetam
663 2060 767 2123 fluviis
786 2070 818 2123 et
834 2081 997 2124 nemorum
1015 2082 1115 2137 coma,

455 2175 671 2235 quaecumque
689 2163 743 2216 aut
759 2153 865 2238 gelido
882 2153 1035 2237 prominet
1052 2154 1181 2239 Algido,

496 2248 594 2333 nigris
613 2256 667 2310 aut
683 2246 873 2330 Erymanthi

540 2342 627 2405 silvis
645 2351 699 2405 aut
716 2341 824 2405 viridis
844 2340 955 2426 Cragi3

455 2501 510 2542 vos
529 2477 649 2563 Tempe
667 2477 797 2541 totidem
815 2476 912 2540 tollite
929 2476 1075 2541 laudibus

453 2571 665 2653 natalemque,
683 2593 800 2646 mares,
818 2569 924 2634 Delon
941 2568 1109 2655 Apollinis,

495 2663 876 2750 insignemquepharetra
903 2684 905 2688 ’

453 2766 455 2770 ’
538 2759 736 2840 fraternaque
753 2757 917 2821 humerum
935 2757 1010 2842 lyra.

452 2893 504 2957 hio
521 2893 638 2957 bellum
655 2893 869 2969 lacrimosum,
887 2893 938 2957 hic
956 2891 1103 2957 miseram
1121 2893 1232 2957 famem

452 2996 634 3071 pestemque
652 3010 671 3049 a
688 2986 804 3071 populo
823 2995 854 3050 et
871 2986 1009 3070 principe
1029 2984 1165 3051 Caesare
1183 2987 1212 3048 in

495 3080 611 3143 Persas
630 3090 723 3162 atque
741 3080 911 3144 Britannos

538 3184 643 3238 vestra
660 3184 764 3239 motus
783 3184 857 3259 aget
872 3196 975 3258 prece.

653 3434 851 3494 ananau
872 3434 983 3494 xxn.
1071 3415 1074 3422 '

602 3577 653 3624 AD
674 3576 857 3627 ARISTIUM
873 3578 1034 3628 FUSCUM.

473 3702 600 3788 Integer
618 3701 700 3765 vitae
719 3702 907 3784 scelerisque
924 3725 1021 3787 purus

474 3818 537 3859 non
555 3804 627 3880 eget
644 3795 767 3860 Mauris
785 3796 895 3860 iaoulis
913 3818 1015 3878 neque
1033 3817 1108 3859 arou

473 3910 531 3951 neo
549 3890 709 3952 venenatis
727 3889 858 3975 gravida
876 3890 1008 3975 sagittis,

539 3983 657 4059 Fusco,
676 3983 836 4067 pharetra,

474 4111 539 4174 sive
557 4134 613 4195 per
632 4110 742 4195 Syrtes
760 4112 819 4185 iter
837 4121 1009 4187 aestuosas,

474 4204 539 4269 sive
558 4206 697 4270 facturus
715 4228 771 4290 per
788 4205 1008 4290 inhospitalem

474 4298 653 4362 Caucasum
671 4300 721 4363 vel
739 4322 819 4382 quae
837 4300 906 4364 loca
924 4299 1086 4364 fabulosus

536 4392 644 4455 lambit
663 4393 843 4478 Hydaspes
