3225 5442
304 700 396 746 LXIV
690 700 729 739 DE
747 697 817 739 VITA
835 698 872 737 ΕΤ
890 696 1012 738 scmus

304 815 381 887 quod
391 814 465 868 inter
473 813 560 866 libros
569 808 842 877 dnosodarumprio-
859 806 939 862 VIII.
956 808 989 875 3.‚
1008 806 1054 861 vel
1073 807 1131 861 Ars
1146 811 1263 879 poetica
1298 816 1331 863 ut
1348 810 1411 879 apud

302 900 348 938 res
366 889 451 954 atque
466 880 541 936 sertis
555 880 620 933 nun
634 878 744 931 initium
757 877 842 931 inter-
860 876 1036 929 Pnscisnum
1049 851 1304 933 v1.1e.xv1i1.
1341 878 1410 943 onor

302 953 407 1006 iectum
425 949 487 1017 fuit,
502 950 529 1003 h.
544 965 568 1003 e.
587 948 668 1001 annis
687 944 842 1013 730-734,
862 944 996 1011 siitaest,
1007 944 1110 1001 librum
1128 952 1411 1001 consentaneumest

303 1021 333 1074 id
352 1018 532 1090 quodetiam
551 1034 585 1070 ex
598 1016 633 1067 iis
647 1014 679 1068 fit
692 1013 842 1081 versimile,
861 1011 958 1066 iisdem
985 1012 1044 1067 fere
1067 1015 1261 1083 temporibus
1288 1016 1409 1084 scriptum

305 1105 378 1159 quae
395 1092 482 1157 poeta
501 1086 536 1139 de
555 1083 713 1137 studiorum
730 1097 843 1135 suorum
862 1097 934 1149 csse,
949 1080 1052 1199 quibus
1064 1082 1220 1150 posterior
1231 1083 1408 1151 epistolarum

303 1156 414 1210 ratione
428 1155 478 1208 illo
492 1159 620 1221 tempore
633 1150 762 1204 instituta
779 1165 843 1219 pro·
862 1148 935 1202 liber
971 1155 1063 1202 itteris
1091 1157 1237 1204 exaratus
1265 1157 1321 1205 est
1355 1150 1410 1204 A't

304 1224 400 1279 fitetur
409 1222 531 1292 epistola
539 1220 637 1290 prima,
648 1219 682 1273 de
693 1235 750 1288 qua
758 1218 843 1271 modo
863 1215 936 1270 enim
944 1216 1012 1270 item
1022 1217 1057 1270 de
1066 1232 1098 1270 re
1108 1216 1257 1273 literaria.
1279 1219 1385 1283 Quamo

306 1292 412 1346 dictum
422 1296 474 1358 est,
484 1289 550 1342 inde
561 1305 660 1342 avers.
671 1287 705 1340 10
715 1303 777 1365 sqq.
795 1286 844 1337 At·
862 1301 920 1338 rem
930 1283 1024 1337 mirari
1037 1301 1106 1338 sane
1121 1285 1209 1340 subit
1218 1287 1352 1356 origines
1362 1286 1409 1339 eius

306 1377 360 1429 que
371 1361 443 1412 haee
452 1357 566 1427 quidem
576 1356 611 1409 de
621 1355 695 1408 libro
710 1353 846 1422 epistola·
863 1370 881 1406 a
890 1351 1053 1406 Weicherto
1063 1352 1159 1406 Lectt
1171 1354 1307 1409 Venuss.
1321 1373 1349 1424 p.
1361 1354 1408 1406 512.

305 1445 366 1481 rum
375 1426 477 1495 priore.
514 1423 655 1493 Sequitur,
669 1422 795 1475 utetiam
810 1421 844 1475 de
864 1420 994 1474 ada731.
1004 1420 1112 1489 referri,
1131 1438 1196 1491 quo
1211 1428 1346 1492 tempore
1354 1439 1408 1493 poe·

305 1493 472 1565 posterioris
487 1492 552 1545 libri
566 1490 740 1570 temporibus
750 1489 845 1542 dicen·
863 1494 921 1542 tam
931 1489 965 1543 de
979 1487 1049 1541 artis
1061 1488 1201 1557 poeticae
1216 1491 1338 1545 ratione
1350 1489 1409 1544 nihil

306 1564 372 1615 dum
383 1561 427 1613 sit.
461 1559 507 1613 Dc
518 1576 574 1629 qua
584 1559 697 1628 quidem
706 1573 737 1610 re
746 1556 847 1611 licebit
864 1557 930 1610 dum
949 1562 1000 1610 aut
1016 1557 1163 1627 cogitasse
1180 1564 1234 1611 aut
1249 1558 1407 1629 exposuisse

305 1629 389 1684 nobis
399 1645 463 1683 esse
472 1626 654 1694 brevissimis,
670 1624 845 1696 quandoqui·
865 1623 1000 1678 credibile
1023 1631 1073 1679 est.
1110 1625 1313 1680 Probabilius
1335 1626 1408 1697 igitur

307 1700 371 1751 dem
384 1696 440 1750 hoc
453 1713 540 1748 unum
552 1712 604 1764 pro
619 1702 697 1748 certo
711 1692 846 1747 affirmari
864 1692 1040 1746 Kirchnerus
1055 1698 1083 1746 et
1092 1693 1346 1749 Walckenaerius
1356 1710 1407 1749 eun

305 1765 470 1835 potest,scri
493 1769 552 1816 tum
561 1762 701 1817 eteditum
711 1778 773 1815 eum
783 1777 846 1815 esse
865 1776 938 1814 anno
950 1759 1407 1831 745.vel746.assignandumcen·

305 1839 373 1903 post
390 1850 415 1886 a.
450 1781 491 1885 df
510 1837 539 1885 et
553 1830 702 1899 epistolam
715 1830 776 1883 eius
788 1828 846 1949 pri·
866 1833 989 1883 suerunt.
1017 1828 1201 1899 Quamquam
1211 1830 1363 1885 fatendum
1372 1836 1408 1885 est

306 1918 379 1955 mam
388 1906 455 1970 post
468 1915 581 1954 carmen
596 1899 741 1952 saeculare
751 1914 776 1951 a.
804 1897 846 1949 37.
865 1896 894 1949 in
904 1896 966 1966 ipso
978 1912 1063 1965 opere
1077 1896 1148 1949 nihil
1161 1898 1328 1969 quidquam
1341 1914 1406 1968 repe

307 1985 370 2023 esse
389 1968 584 2037 compositum,
604 1966 708 2037 quippe
719 1966 756 2019 ad
770 1965 847 2034 quod
866 1965 922 2032 riri,
933 1964 1008 2018 unde
1018 1971 1128 2034 tempus
1138 1964 1236 2034 ipsius
1248 1969 1350 2022 natale
1360 1983 1407 2021 cer·

306 2055 379 2091 vers.
406 2037 457 2090 130
484 2054 545 2106 sqq.
571 2034 675 2103 respici
701 2034 847 2086 videtur.1
866 2032 922 2086 tius
934 2031 1092 2086 definiatur.
1129 2032 1283 2096 Quocirca
1293 2035 1342 2090 hic
1368 2050 1406 2087 uo

307 2106 484 2175 Quamquam
516 2102 680 2172 ceteroquin
710 2117 847 2171 perquam
885 2117 921 2154 ue
934 2118 1012 2155 mera
1026 2100 1211 2157 coniecturae
1226 2104 1317 2157 veris'
1348 2104 1407 2156 ''tu-

307 2173 466 2228 verisimilis
486 2178 530 2227 est
546 2170 674 2225 Massoni
697 2169 846 2235 sententia,
866 2119 932 2222 dine
942 2169 1122 2238 acquiescere
1133 2170 1279 2239 cogimur.

307 2242 356 2313 qui
365 2242 515 2311 epistolam
529 2240 566 2294 ad
575 2240 736 2307 Augustum
749 2254 773 2291 a.
788 2236 847 2290 744.
891 2238 951 2290 lam
961 2254 1027 2291 vero
1038 2237 1081 2290 his
1092 2238 1234 2305 expositis
1244 2239 1359 2293 iuvabit
1367 2238 1406 2293 ali·

308 2316 428 2365 exeunte
440 2309 498 2362 sive
513 2308 628 2361 ineunte
643 2324 667 2360 a.
677 2306 735 2359 745.
746 2304 847 2358 litteris
867 2306 980 2375 quando
995 2304 1082 2359 veluti
1101 2322 1243 2360 summam
1263 2324 1364 2361 eorum
1374 2306 1406 2360 fe

308 2383 453 2432 exaratam
479 2392 542 2430 esse
569 2374 742 2444 argumentis
766 2389 847 2426 sane·
868 2373 953 2441 cisse,
973 2390 1046 2443 quae
1056 2374 1197 2426 hactenus
1209 2377 1247 2429 de
1257 2376 1348 2429 variis
1357 2375 1406 2429 llo·

309 2463 393 2516 quam
424 2442 622 2513 probabilibus
654 2443 848 2495 demonstrare
866 2441 930 2495 ratii
941 2442 1041 2495 studiis
1051 2447 1081 2495 et
1094 2441 1129 2495 de
1142 2448 1315 2521 poematum
1329 2443 1407 2514 ipsius

309 2518 427 2566 conatus
446 2515 519 2564 est2
555 2510 675 2563 Omnino
694 2516 788 2563 autem
808 2509 848 2562 sic
867 2509 1407 2629 temporibuscopiosrusexplicatssunt

308 2581 421 2634 videtur
430 2577 645 2632 existimandum
658 2595 730 2646 esse,
749 2583 782 2630 ut
789 2577 848 2630 Ho·
884 2577 957 2631 Bina
967 2577 1053 2647 igitur
1061 2578 1081 2629 il
1095 2578 1340 2633 orumstatuimus
1349 2586 1406 2633 tem·

308 2647 407 2716 ratius,
427 2647 660 2726 quemadmodum
674 2645 776 2699 librum
793 2644 848 2714 pri·
866 2663 946 2715 pora,
957 2645 1186 2767 quandoquidem
1201 2650 1407 2717 poetaprimun

309 2733 383 2769 mum
402 2715 585 2784 epistolarum
607 2714 681 2767 inter
698 2730 723 2768 a.
742 2714 800 2767 730.
821 2719 850 2767 et
867 2716 961 2767 inseri
975 2716 1046 2766 endis
1059 2715 1147 2782 epods's
1159 2722 1242 2783 atque
1254 2718 1347 2770 satiris
1359 2716 1406 2770 ela·

310 2783 377 2851 734,
397 2800 452 2853 quo
477 2789 602 2852 tempore
626 2799 643 2835 a
660 2781 741 2851 poesi
759 2780 849 2851 lyrica
868 2782 992 2848 boravit3
1011 2784 1100 2835 dende
1113 2787 1210 2835 autem
1230 2784 1408 2853 componendis

309 2851 455 2920 abstinuit,
472 2850 664 2919 composuisse
675 2849 794 2917 videtur,
808 2848 849 2902 ita
868 2851 1024 2903 carminibus
1035 2851 1122 2919 lyricis
1131 2858 1210 2929 atque
1219 2854 1341 2920 epistola
1351 2867 1407 2921 ope·

309 2921 412 2973 librum
431 2920 613 2989 epistolarum
632 2918 785 2970 secundum
800 2917 849 2970 ab·
868 2937 927 2973 ram
938 2918 1023 2972 dedit.
1034 2918 1118 2982 Quod
1129 2918 1248 2987 qu1dem
1258 2919 1302 2974 ita
1312 2920 1407 2975 fecisse

311 2990 404 3042 soluto
416 2989 526 3042 demum
535 2992 638 3108 quarto
649 2984 849 3063 odarumlibro
869 2987 1036 3040 iudicandus
1063 2992 1120 3053 cst,
1156 2985 1226 3065 quia
1254 2993 1408 3057 temporum

309 3058 375 3111 inde
386 3058 422 3111 ab
433 3072 508 3110 anno
519 3057 534 3109 7
554 3056 577 3108 1.
587 3053 688 3107 litteris
699 3068 849 3121 consrgna-
870 3054 1056 3108 communium
1069 3057 1187 3106 mutat1o
1202 3054 1293 3109 etiam
1309 3056 1407 3109 studio·

309 3126 385 3180 visse
428 3131 551 3205 putetur.
631 3121 666 3174 Id
689 3120 767 3191 quod
779 3120 850 3200 ,fere
868 3141 929 3176 rum
963 3122 1052 3192 ipsius
1087 3122 1275 3177 mutationem
1312 3123 1407 3179 attulit.

310 3194 395 3248 etiam
407 3211 498 3246 nsum
512 3189 694 3246 estBentleio
711 3189 850 3243 etKirch-
869 3190 1143 3245 Prodieruntautem
1152 3195 1257 3245 nostra
1272 3190 1408 3247 sententis

309 3278 393 3330 nero,
421 3278 540 3332 quorum
559 3259 631 3312 alter
650 3256 767 3312 secundi
785 3256 850 3310 libri
870 3259 924 3312 scri
946 3265 975 3313 ta
985 3259 1045 3312 eius
1055 3258 1110 3311 hoe
1120 3256 1235 3310 ordine:

310 3325 851 3462 assuescens
885 3328 908 3380 1·
921 3325 1408 3463 senatusue

310 3463 470 3516 arbitratur.
483 3462 578 3531 Atque
587 3462 642 3513 hae
652 3461 792 3515 sententia
801 3477 850 3514 no·
921 3462 1053 3531 evulgati.

310 3530 354 3584 bis
372 3530 412 3582 uti
435 3546 468 3583 ue
483 3529 595 3606 videtur
613 3528 851 3597 acquiescendum
886 3532 923 3585 11.
931 3529 1174 3597 Siminindeab
1182 3529 1276 3585 a.7l3.
1283 3530 1409 3604 usquead

296 3615 382 3652 esse.
452 3602 527 3650 estat
548 3601 635 3674 rgrtur
652 3611 709 3648 una
718 3613 772 3674 ,ars
779 3613 850 3716 {poe-
921 3617 945 3653 a.
955 3600 1012 3652 726.
1022 3598 1196 3665 elaboratae,
1208 3614 1334 3718 quarum
1345 3600 1410 3654 liber

310 3668 370 3733 tica,
381 3665 416 3718 de
428 3681 483 3734 qua
493 3664 692 3732 explicandum
703 3669 746 3716 sit.
795 3664 849 3717 'am
920 3668 942 3719 l.
953 3684 977 3721 a.
988 3667 1056 3734 720,
1067 3666 1117 3719 sed
1131 3664 1205 3719 liber
1228 3666 1253 3720 Ι.
1264 3685 1291 3722 a.
1302 3668 1362 3723 726.
1371 3666 1410 3721 vel

309 3749 377 3786 vero
392 3731 520 3801 epistolis
534 3731 772 3785 annumerandam
787 3748 850 3785 esse
921 3736 979 3789 727.
989 3735 1082 3790 editus
1092 3739 1144 3787 est.

309 3799 543 3853 minimedubium
554 3805 605 3867 est,
613 3816 782 3870 quamquam
791 3816 850 3853 non
884 3800 1409 3873 III.Cinnrunnlibriduopriorespau·

308 3868 393 3922 modo
407 3869 528 3938 Epistola
546 3870 581 3920 ad
593 3869 702 3921 Pisones
721 3867 849 3921 inscribi·
920 3871 961 3925 cis
980 3870 1104 3939 exceptis
1118 3869 1184 3922 inde
1198 3870 1236 3923 ab
1253 3888 1281 3925 a.
1296 3871 1357 3925 724„
1371 3889 1410 3925 us·

309 3942 363 4006 tur,
379 3938 429 3992 sed
443 3936 527 3992 etiam
536 3942 654 3990 vocatur
663 3937 741 3989 Liber
754 3939 785 3989 de
794 3945 851 3988 arte
919 3956 974 4009 que
984 3940 1050 3994 ada.
1057 3938 1115 3991 730.
1124 3935 1311 4006 scripti,editi
1322 3946 1410 3994 antem

198 4059 205 4066 ,
305 4008 417 4076 poetica,
437 4022 493 4077 quo
506 4003 619 4059 nomine
634 4004 721 4059 utitur
731 4004 849 4068 Quintil.
919 4024 944 4060 a.
956 4008 1014 4061 730.
1023 4007 1070 4060 vel
1080 4005 1138 4059 731.

884 4071 1414 4145 IV.Eersronssonliberprimus,inds

335 4147 347 4184 1
360 4155 382 4183 v.
393 4130 487 4186 sentire.
503 4148 525 4186 sn
540 4147 591 4185 eut.
607 4147 670 4195 eplst.
685 4145 734 4184 voi.
748 4144 776 4183 11.
795 4154 818 4192 p.
829 4144 848 4183 τ.
919 4143 955 4196 ab
966 4160 991 4196 a,
1001 4144 1059 4196 731,
1073 4158 1163 4210 usque
1178 4142 1217 4194 ad
1232 4159 1257 4195 a,
1275 4143 1337 4198 tes
1349 4143 1410 4198 mi.

310 4197 848 4295 “eruisseistas-sue:
917 4217 993 4289 stus,
1010 4217 1095 4281 atque
1109 4226 1134 4263 a·
1150 4208 1208 4262 ⁷³4·
1225 4218 1351 4267 exeunte
1370 4210 1411 4265 s

309 4298 420 4337 no-ns.
431 4303 453 4339 et
466 4301 488 4339 ln
498 4301 547 4339 vas
556 4301 631 4339 norst„
646 4311 667 4348 p.
678 4300 716 4338 sco
726 4309 772 4347 sqq.
791 4298 848 4336 nas.
917 4286 1031 4334 ineunte
1042 4296 1067 4333 a.
1077 4276 1135 4331 735.
1146 4276 1249 4331 editus.

311 4349 359 4387 soni
376 4352 506 4389 sententiam
524 4351 676 4389 confirmarunt
690 4351 755 4388 susm
769 4348 848 4386 Decie—
883 4347 917 4402 V,
928 4345 1074 4400 Qum„
1083 4345 1276 4414 libel-tertius,
1294 4364 1320 4401 a·
1330 4345 1411 4401 735..

311 4398 847 4498 lsl’tltsrtizssssasltl:
917 4413 1121 4483 erasmi
1136 4412 1410 4483 ,ampsani

312 4499 422 4538 1ss-1ss.
916 4487 1071 4553 temporum
1086 4479 1195 4535 lusibus
1215 4481 1367 4538 confectus
1385 4486 1409 4537 et
