3225 5442
527 716 754 775 SATIRARU'M
772 718 847 773 LIB.
860 720 897 774 11.

192 889 356 968 praetereo
374 877 499 963 sapiens
517 888 674 963 argentea.
698 875 771 942 tolle
787 876 953 962 periclum:

192 975 259 1040 iam
276 996 358 1059 vaga
374 971 515 1057 prosiliet
532 970 628 1034 frenis
647 979 757 1033 natura
774 971 911 1035 remotis.

192 1076 271 1132 tune
288 1066 365 1130 mihi
382 1064 541 1141 dominus,
559 1086 663 1129 rerum
680 1064 820 1150 imperiis
837 1064 1061 1149 hominumque
1244 1088 1274 1134 to

192 1170 242 1227 tot
259 1160 415 1243 tantisque
433 1158 548 1235 minor,
567 1180 661 1241 quem
679 1168 726 1222 ter
742 1158 882 1222 vindicta
899 1170 1069 1243 quaterque

191 1254 342 1340 imposita
359 1252 444 1317 haud
461 1274 601 1335 unquam
618 1251 733 1315 misera
751 1251 917 1317 formidine
935 1254 1054 1338 privet?

193 1349 277 1414 adde
294 1369 402 1432 super,
421 1345 512 1409 dictis
530 1344 614 1428 quod
632 1367 696 1409 non
712 1345 812 1410 letius
830 1346 946 1411 valeat:
965 1370 1048 1425 nam,

194 1442 264 1507 sive
281 1440 415 1505 vicarius
434 1450 482 1505 est
500 1439 554 1522 qui
572 1461 663 1503 servo
679 1448 782 1524 paret,
801 1440 848 1503 uti
865 1463 933 1505 mos

164 1555 167 1562 ·
192 1545 301 1600 vester
318 1535 374 1612 ait,
394 1557 451 1599 seu
468 1556 653 1612 conservus3
672 1532 728 1596 tibi
746 1534 822 1616 quid
841 1558 912 1598 sum
930 1536 1008 1621 ego?
1025 1559 1137 1622 nempe
1242 1555 1275 1603 80

195 1639 246 1706 tu,
264 1629 341 1693 mihi
358 1629 413 1712 qui
429 1629 605 1714 imperitas,
624 1628 676 1692 alii
695 1629 793 1693 servis
812 1630 908 1694 miser
925 1638 1019 1714 atque

195 1722 319 1787 duceris
337 1732 372 1785 ut
389 1723 494 1787 nervis
512 1721 621 1785 alienis
639 1720 754 1785 mobile
772 1721 903 1808 lignum.

194 1816 342 1899 quisnam
358 1816 455 1901 igitur
471 1813 567 1879 liber?
585 1813 724 1899 sapiens,
744 1815 804 1879 sibi
822 1816 876 1899 qui
893 1817 1095 1902 imperiosus3

194 1932 290 1993 quem
308 1930 410 1993 neque
427 1908 592 1993 pauperies
610 1930 712 1992 neque
730 1932 814 1975 mors
837 1933 938 1994 neque
956 1912 1081 1977 vincula
1099 1925 1222 1992 terrent,

193 2025 380 2088 responsare
399 2001 612 2087 cupidinibus,
631 2013 830 2067 contemnere
848 2003 980 2069 honores
1242 2029 1275 2076 aa

195 2096 301 2174 fortis,
320 2106 351 2161 et
367 2095 401 2161 in
418 2118 453 2161 se
471 2095 540 2181 ipso
559 2104 643 2160 totus
661 2105 743 2161 teres
761 2106 856 2179 atque
873 2099 1036 2176 rotundus,

195 2190 317 2255 externi
334 2212 374 2254 ne
391 2189 468 2273 quid
485 2189 587 2254 valeat
604 2190 746 2274 perleve
763 2191 888 2269 morari,

194 2285 230 2349 in
247 2305 340 2368 quem
358 2306 470 2348 manca
486 2283 548 2347 ruit
566 2305 690 2368 semper
707 2283 842 2348 fortuna.
864 2295 996 2370 potesne

195 2402 238 2443 ex
254 2378 303 2441 his
322 2387 357 2441 ut
373 2376 533 2462 proprium
550 2377 627 2460 quid
645 2378 792 2442 noscere?
810 2380 947 2463 quinque
965 2380 1081 2445 talenta

195 2472 299 2558 poscit
315 2481 346 2535 te
364 2471 488 2548 mulier;
506 2480 601 2535 vexat
618 2470 800 2556 foribusque
817 2473 978 2558 repulsum

197 2564 356 2652 perfundit
372 2564 491 2651 gelida3
508 2586 617 2629 rursus
636 2575 741 2629 vocat:
759 2566 845 2652 eripe
863 2566 945 2652 tmpi

196 2658 278 2724 eolla
294 2658 383 2744 iugo:
403 2657 515 2737 „liber,
534 2656 614 2722 liber
632 2663 736 2736 sum,“
757 2660 808 2723 die
826 2682 895 2746 age.
918 2684 981 2724 non
999 2661 1084 2744 quis:

195 2762 288 2839 urget
305 2753 388 2817 enim
406 2753 550 2818 dominus
569 2763 706 2818 mentem
724 2777 787 2819 non
804 2754 900 2833 lenis,
919 2765 950 2820 et
967 2779 1055 2821 aeres

197 2844 352 2910 subiectat
367 2845 452 2910 lasso
470 2846 613 2912 stimulos
631 2859 797 2931 versatque
814 2859 991 2936 negantem.

196 2938 248 3004 vel
265 2962 363 3023 quum
379 2933 536 3004 Pausiaca
553 2950 672 3026 torpes,
691 2942 815 3020 insane,
834 2941 958 3019 tabella,

196 3033 251 3117 qui
267 3056 381 3119 peccas
399 3034 503 3099 minus
521 3043 615 3117 atque
633 3057 707 3121 ego,
726 3060 824 3119 quum
841 3038 936 3102 Fulvi
952 3037 1162 3121 Rutubaeque

196 3138 252 3192 aut
268 3128 432 3193 Pacidiani
449 3139 594 3193 contento
615 3130 734 3215 poplite
752 3131 848 3194 miror

196 3222 316 3307 praelia
332 3221 457 3287 rubrica
472 3223 556 3308 pieta
574 3233 629 3287 aut
646 3223 795 3302 carbone,
815 3224 901 3288 velut
919 3225 947 3289 si

196 3336 232 3379 re
250 3338 325 3380 vera
341 3328 497 3402 pugnent,
516 3317 643 3395 feriant,
662 3318 823 3401 vitentque
840 3327 1002 3382 moventes

198 3431 287 3474 arma
303 3410 381 3473 viri?
397 3432 533 3495 nequam
550 3420 582 3475 et
599 3421 739 3477 cessator
754 3412 883 3490 Davus3
902 3421 935 3476 at
951 3412 1019 3497 ipse

199 3501 323 3568 subtilis
340 3515 482 3569 veterum
498 3504 595 3570 iudex
612 3516 644 3570 et
661 3506 792 3571 callidus
811 3506 911 3571 audis.

198 3596 243 3660 nil
260 3619 335 3684 ego,
354 3599 381 3663 si
403 3599 501 3663 ducor
517 3598 582 3665 libo
598 3600 754 3665 fumante:
773 3600 829 3665 tibi
847 3600 959 3687 ingens

198 3690 297 3755 virtus
315 3700 408 3775 atque
426 3693 550 3758 animus
568 3693 674 3758 coenis
691 3705 857 3779 responsat
875 3694 1007 3779 opimis?

197 3783 385 3867 obsequium
402 3786 520 3851 ventris
538 3786 615 3851 mihi
631 3788 837 3872 perniciosius
856 3799 904 3852 est
922 3788 995 3852 eur?

197 3889 289 3966 tergo
305 3881 425 3966 plector
442 3883 539 3947 enim:
558 3883 612 3967 qui
629 3894 664 3947 tu
681 3884 862 3969 impunitior
879 3884 941 3960 illa,

197 3994 280 4057 quae
297 3997 395 4059 parvo
414 3977 496 4041 sumi
513 3987 686 4060 nequeunt,
706 3978 838 4042 obsonia
855 3977 982 4062 captas?

198 4089 312 4154 nempe
329 4069 561 4137 inamarescunt
578 4072 689 4158 epulae
707 4072 775 4136 sine
792 4072 855 4136 fine
872 4072 997 4157 petitae,

198 4160 345 4246 illusiqus
362 4165 460 4248 pedes
477 4165 626 4231 vitiosum
643 4167 724 4231 ferre
742 4174 889 4229 recusant

199 4276 324 4340 eorpus.
347 4280 388 4321 an
405 4258 457 4323 hie
474 4270 597 4345 peccat,
617 4260 675 4326 sub
694 4269 819 4325 noctem
836 4258 890 4342 qui
907 4278 986 4343 puer
1002 4279 1096 4321 uvam

198 4349 316 4415 furtiva
333 4364 434 4418 mutat
452 4354 582 4442 strigili?
599 4357 654 4439 qui
671 4356 799 4441 praedia
817 4353 933 4430 vendit,

199 4444 244 4508 nil
261 4446 387 4527 servile,
406 4448 499 4535 gulae
516 4472 644 4536 parens,
662 4450 776 4517 habet?
793 4448 888 4527 adde,
907 4446 992 4533 quod
1009 4445 1092 4512 idem
