3225 5442
609 718 637 768 Q.
656 716 777 758 IIORATII
794 716 899 757 FLACCI
1200 717 1296 762 Lxul

238 829 366 899 iusquam
384 832 470 897 poeta
488 828 552 880 idus
571 826 865 907 Decembrestvacare
893 829 1062 897 decreverit,
1099 849 1156 884 non
1187 832 1299 911 quidem

238 899 355 951 deuntes
366 898 444 951 vidit.
479 896 522 949 Ex
533 913 589 965 que
603 895 743 950 tutissime
753 919 754 962 g
764 895 952 950 scholasticae
962 898 1012 965 illi,
1020 899 1070 951 sed
1079 900 1173 967 potius
1185 916 1218 965 er,
1228 917 1299 968 quae

240 966 301 1035 lligi
312 965 388 1032 lieet,
408 982 471 1019 eum
481 963 663 1033 epistolarum
679 963 867 1039 librijspretis
888 966 1047 1019 scholarum
1061 965 1189 1019 formulis
1203 984 1300 1036 perpe·

239 1034 287 1087 imi
296 1033 450 1088 editionem
463 1040 513 1086 aut
526 1033 581 1087 iam
592 1050 617 1086 a.
627 1032 685 1085 734.
696 1037 745 1084 aut
753 1045 754 1056 ¹
762 1036 812 1084 tuo
822 1033 893 1085 illud
904 1034 1035 1103 anquirat
1045 1041 1073 1087 et
1084 1035 1300 1103 circumspiciat,

239 1103 306 1156 ltem
329 1119 354 1155 a.
373 1101 432 1155 735.
456 1100 571 1154 ineunte
590 1100 744 1169 paravisse.
764 1102 841 1169 quod
855 1103 891 1154 ad
910 1102 995 1154 vitam
1014 1103 1086 1155 bene
1102 1104 1241 1172 beateque.
1255 1104 1301 1157 de-

238 1170 290 1224 rod
308 1170 332 1222 si
349 1170 390 1223 ita
405 1186 434 1222 se
453 1169 554 1236 habet,
572 1166 885 1237 necessitate'gendam
906 1171 1053 1223 conducat.
1090 1171 1170 1234 Quae
1189 1172 1301 1241 quidem

238 1239 326 1292 radam
335 1238 401 1291 inde
412 1236 743 1305 efficitur,utemnesom-
764 1239 987 1292 commodissime
999 1256 1022 1291 a.
1030 1238 1138 1293 734.vel
1150 1239 1234 1293 etiam
1243 1240 1301 1293 733.

239 1323 272 1360 ιο
282 1306 346 1360 libri
355 1305 438 1375 primi
450 1305 589 1374 epistolae
605 1312 670 1359 ante
681 1322 744 1359 eum
762 1306 803 1359 ita
814 1307 899 1359 scribi
913 1307 1048 1376 potuisse,
1086 1308 1129 1360 uis
1140 1325 1247 1377 quaeso
1258 1315 1302 1362 est

241 1392 308 1428 num
318 1375 441 1442 scriptae
471 1375 594 1427 utendae
605 1373 668 1426 sint.
684 1374 744 1427 Nee
763 1374 812 1443 qui
821 1392 925 1444 negare
936 1377 1057 1429 audeat?
1066 1325 1226 1429 Mnimvero
1237 1394 1301 1446 uge-

240 1460 273 1496 ro
291 1444 351 1496 ulla
369 1448 412 1495 est
429 1392 504 1494 iliius
519 1442 650 1511 epistola,
671 1458 743 1511 quae
763 1443 814 1495 bat
835 1449 895 1496 tum
917 1444 1054 1497 Horatius
1077 1445 1175 1515 utiquc
1198 1462 1301 1498 annum

243 1530 264 1566 n
273 1517 339 1564 ante
350 1528 453 1564 annum
464 1510 521 1562 735.
532 1510 657 1579 potuerit
670 1511 744 1563 lete-
763 1511 866 1564 aetatis
894 1512 1141 1582 quadragesimum
1174 1514 1301 1582 quintum

254 1578 424 1648 consignari,
441 1596 526 1647 quum
540 1579 613 1632 inter
628 1595 744 1632 easuon
763 1587 814 1633 aut
823 1586 939 1648 sertum,
959 1587 991 1633 ut
1004 1587 1080 1635 reete
1095 1582 1150 1635 iarn
1161 1582 1195 1634 de
1210 1582 1301 1651 ingra-

245 1664 313 1701 ucae
323 1647 510 1714 reperiantur,
530 1664 650 1716 quarum
660 1647 744 1729 origi·
763 1648 904 1701 vescentis
915 1650 1015 1702 aetatis
1026 1649 1301 1719 tarditateeonqucri

246 1716 324 1769 tsine
336 1715 423 1768 dubie
438 1716 475 1768 ad
488 1732 593 1768 annum
602 1714 660 1768 734.
670 1720 742 1769 rele-
784 1717 896 1780 otuerit,
908 1717 1073 1785 praesertim
1084 1735 1168 1788 quum
1178 1718 1300 1771 imbecil-

247 1786 308 1838 rdae
324 1789 399 1851 sunt,
417 1789 449 1835 ut
462 1799 506 1851 ep.
521 1784 573 1837 llI.
587 1783 667 1839 VIII.
678 1784 744 1837 XII.
764 1734 834 1838 iiore
849 1786 1010 1839 valetudine
1024 1791 1175 1840 uteretur.l
1206 1785 1300 1855 Atque

249 1853 286 1906 X.
295 1852 363 1905 XX.
378 1868 413 1905 ae
427 1852 581 1905 secundum
590 1851 745 1905 Frankium
763 1853 836 1907 haec
846 1870 931 1923 quum
941 1855 981 1907 ita
990 1870 1053 1908 sese
1067 1855 1201 1920 habeant,
1217 1855 1301 1908 etiarn

250 1937 288 1974 un
301 1921 336 1975 V.
349 1920 402 1972 IX.
415 1919 524 1974 XVIII.
560 1920 673 1974 Minime
688 1937 745 1973 om·
763 1921 830 1974 hine
838 1923 926 1975 robur
939 1929 1023 1993 atque
1038 1921 1242 1977 firmamentum
1252 1940 1301 1976 no-

253 1993 383 2042 mautem
390 1988 456 2041 huie
466 1988 570 2041 rationi
580 1989 746 2043 adversatur
764 1996 839 2043 strae
850 1991 960 2043 aceedit
974 1992 1139 2057 sententiae,
1159 2008 1242 2061 quam
1257 2010 1301 2044 su·

254 2058 328 2110 stola
345 2057 411 2110 libri
430 2057 527 2125 prima,
548 2073 632 2126 quam
645 2074 697 2126 per
718 2074 744 2110 e·
764 2076 815 2127 pra
825 2060 860 2111 de
870 2059 946 2112 tertii
960 2059 1025 2111 libri
1047 2060 1164 2112 odarum
1178 2059 1302 2113 editione

254 2124 412 2179 rObbarius
422 2142 479 2178 non
490 2126 660 2194 antealilti,
708 2124 744 2179 ei·
764 2145 781 2180 a
791 2128 903 2179 duobus
918 2127 999 2180 libris
1013 2127 1155 2196 prioribus
1175 2128 1303 2180 seiuncta

255 2198 319 2245 etus
345 2199 376 2246 et
393 2192 596 2247 Grotefendius
624 2211 649 2247 a.
677 2194 744 2261 737,
765 2212 798 2248 ac
818 2200 949 2261 separata
986 2194 1151 2248 rodidimus.
1191 2195 1302 2248 Etenim

256 2260 474 2330 dckenaeriusa.
488 2262 555 2329 738,
569 2262 745 2316 Kirchnerus
765 2263 915 2317 verisimile
931 2212 1014 2316 noIris
1029 2279 1063 2316 ex
1077 2263 1167 2331 prima
1176 2263 1231 2317 ista
1245 2264 1301 2331 epi-

257 2329 309 2383 739.
324 2329 458 2397 scriptam
481 2346 544 2383 esse
564 2336 744 2398 censuerunt,
765 2333 839 2385 stola
851 2330 892 2396 fit,
914 2330 1087 2385 Maecenatis
1101 2331 1227 2400 inprimis
1241 2348 1302 2401 pre-

259 2414 310 2468 ppe
322 2403 479 2450 statuentes
493 2397 545 2465 illi,
563 2405 621 2452 tres
635 2399 745 2468 priores
764 2400 846 2454 cibus
860 2398 989 2453 effectum
1004 2416 1076 2465 esse,
1094 2406 1126 2452 ut
1160 2402 1226 2453 etita
1243 2417 1301 2452 rur-

261 2483 323 2519 rum
340 2466 438 2533 libros,
462 2466 499 2519 ad
518 2483 590 2537 quos
608 2468 645 2521 ab
663 2468 744 2520 initio
765 2488 812 2522 sus
823 2469 888 2522 inde
903 2468 939 2521 ab
955 2485 1029 2521 anno
1040 2467 1125 2521 toea
1160 2468 1249 2538 lyrica
1259 2486 1300 2521 re-

261 2551 288 2587 rs
306 2534 444 2602 epistolae
466 2550 512 2588 res
534 2535 646 2603 iciatur‚
670 2553 744 2589 anno
764 2538 847 2591 dierit
856 2543 940 2607 atque
951 2536 1076 2607 inprimis
1086 2536 1170 2591 etiam
1180 2535 1301 2606 Augusti

262 2619 317 2655 rum
335 2602 392 2654 736,
411 2603 457 2656 vel
475 2603 490 2655 7
527 2603 659 2683 .publiei
676 2604 744 2657 iuris
765 2606 884 2660 consilia
903 2607 937 2658 de
956 2622 1063 2658 morum
1081 2622 1116 2658 ac
1135 2605 1301 2673 disciplinae

263 2686 300 2723 os
314 2686 386 2737 esse,
402 2671 532 2740 adeoque
546 2673 612 2725 inde
632 2674 745 2726 conclu·
764 2674 961 2730 emendatione
976 2680 1034 2726 tum
1048 2673 1156 2743 agitata
1176 2673 1301 2727 carmini-

264 2746 307 2793 tes
320 2755 356 2792 ne
367 2746 458 2792 toturn
472 2740 585 2809 quidem
598 2740 674 2795 hune
688 2742 745 2811 epi·
763 2744 817 2797 bus
833 2743 890 2796 suis
906 2743 1102 2795 commendare
1121 2748 1150 2795 et
1168 2742 1301 2794 adiuvare

266 2824 343 2861 arum
356 2806 459 2860 librum
477 2816 542 2861 ante
556 2825 581 2863 a.
597 2809 655 2862 739.
669 2812 745 2863 evul-
765 2810 912 2865 studuerit.
949 2810 1005 2864 Sed
1023 2811 1079 2863 hoc
1098 2810 1211 2879 quidem
1229 2808 1302 2866 utin

286 2876 422 2945 potuisse.
457 2876 497 2929 At
514 2877 587 2929 eninr
608 2894 676 2932 vero
699 2897 745 2932 res
764 2880 857 2933 medie
873 2879 909 2932 sit
922 2878 1146 2948 relinquendum,
1165 2883 1263 2945 utpote
1274 2877 1302 2929 in

269 2960 284 2997 e
303 2944 449 3013 aliquante
470 2960 552 2998 secus
566 2946 662 2999 habet.
697 2947 745 3002 Ni·
764 2966 841 3002 mera
859 2946 983 3015 positum
1002 2946 1178 3010 coniectura,
1207 2950 1301 2998 tamen

269 3027 380 3066 unvere
390 3011 475 3065 nobis
485 3012 612 3067 videmur
624 3014 654 3068 in
665 3031 745 3084 supe·
764 3016 835 3069 illud
855 3015 968 3085 quidem
991 3021 1069 3067 extra
1096 3012 1302 3066 dubitationem

271 3080 327 3133 bus
338 3080 506 3148 ostendisse,
517 3080 667 3135 Horatium
677 3084 745 3136 duo·
765 3084 935 3138 collocatum
947 3098 1009 3134 esse
1024 3086 1165 3150 putamus,
1184 3080 1302 3149 primum

274 3147 355 3200 libris
373 3147 515 3216 prioribus
531 3150 647 3202 odarum
669 3167 744 3204 anno
765 3151 948 3221 epistolarum
958 3149 1060 3202 librum
1076 3166 1100 3201 a.
1116 3148 1174 3200 734.
1189 3148 1303 3201 absolu-

274 3215 389 3269 ve1731.
403 3217 543 3270 absolutis
553 3222 639 3287 atque
648 3217 678 3271 in
687 3220 745 3270 vul·
764 3227 823 3272 tum
834 3224 863 3272 et
871 3235 935 3270 mor
944 3217 973 3269 in
982 3217 1127 3285 publicam
1141 3217 1232 3268 lucem
1246 3215 1303 3268 edi-

278 3283 388 3337 emissis
402 3283 433 3337 id
452 3285 564 3339 consilii
581 3284 745 3355 agitavisse,
764 3293 906 3340 tumesse.
941 3284 1002 3338 Iam
1019 3301 1086 3337 vero
1107 3284 1130 3336 si
1168 3281 1302 3351 uaeritur,

275 3351 408 3422 liquando
422 3354 504 3421 poesi
518 3354 625 3423 lyricae
639 3354 745 3409 valedi-
765 3355 880 3426 quando
896 3352 1009 3421 scriptio
1029 3353 1089 3406 eius
1106 3301 1240 3405 inciroata
1259 3351 1304 3419 sit,

276 3424 292 3489 t,
310 3420 433 3490 ideoque
443 3422 480 3475 ab
494 3439 528 3476 eo
542 3423 608 3475 inde
618 3429 745 3492 tempore
764 3438 935 3492 magnopere
954 3437 1089 3488 veremur,
1107 3426 1139 3473 ut
1152 3420 1305 3490 quidquam

279 3504 370 3542 annos
393 3491 551 3571 complures
573 3490 644 3543 nihil
667 3492 746 3561 quid·
765 3492 835 3546 certi
853 3507 888 3545 ea
906 3490 940 3542 de
959 3506 989 3542 re
1008 3488 1186 3568 pronuntiari
1203 3489 1304 3557 pessit.

279 3556 398 3610 nmeliei
415 3558 551 3627 edrdisse,
570 3576 662 3629 usque
681 3561 746 3612 dum
764 3560 841 3614 Illud
850 3576 935 3611 unum
948 3558 1032 3611 nobis
1048 3558 1158 3612 videtur
1171 3575 1229 3610 nen
1239 3573 1302 3610 esse

280 3623 394 3679 5.tertio
406 3627 522 3680 odarum
537 3626 745 3682 libroscriben-
765 3628 894 3695 dubium,
923 3626 1073 3695 epistolam
1093 3626 1205 3681 tertiam
1230 3625 1305 3679 deei-

282 3692 380 3747 lillam
389 3694 513 3748 redierit.
532 3695 598 3748 Huc
607 3712 673 3750 vero
683 3713 746 3775 per·
764 3714 837 3750 mam
855 3696 910 3749 iarn
929 3712 1003 3749 anno
1023 3695 1081 3748 730.
1095 3695 1142 3748 vel
1160 3695 1218 3747 731.
1239 3693 1305 3746 seri-

314 3762 451 3830 epistolae
505 3763 593 3817 rimae
628 3764 746 3817 initium.
764 3772 843 3834 ptam
853 3781 924 3832 esse,
936 3780 991 3834 quo
1003 3769 1128 3832 tempore
1139 3768 1225 3831 poeta
1236 3762 1304 3814 duo-

283 3829 384 3883 nenim
394 3831 476 3883 Musa
515 3831 598 3885 oratii
611 3832 702 3901 lyrica
712 3849 745 3886 eo
765 3850 826 3886 rum
844 3833 969 3901 priorum
991 3831 1129 3884 librorum
1151 3830 1305 3900 lyricorum

285 3896 399 3950 Iiximus
412 3904 539 3968 ternpore
555 3900 745 3969 conticuisset,
765 3919 864 3955 recens
884 3901 1069 3954 collectorum
1087 3898 1255 3952 fasciculum
1270 3897 1305 3949 ad

286 3965 390 4020 ›ellavit
403 3966 554 4021 Maecenas
573 3968 693 4022 amicum
712 3969 746 4022 de
765 3968 925 4039 Augustum
948 3966 1110 4021 transmisit.
1155 3964 1184 4018 Si
1212 3970 1306 4016 tamen

287 4034 367 4086 misso
394 4035 502 4104 lyricae
529 4038 624 4105 poesis
643 4036 745 4104 studio,
766 4038 851 4091 etiam
874 4035 1054 4089 coniecturae
1078 4034 1132 4087 hae
1154 4033 1183 4085 in
1203 4048 1305 4083 caussa

288 4118 329 4171 lue
347 4103 510 4182 exhortatus
529 4108 582 4183 est,
601 4110 634 4157 ut
650 4122 747 4157 rursus
766 4104 875 4173 aliquid
893 4103 1074 4155 tribuendum
1093 4106 1153 4179 est,
1177 4099 1307 4217 uiltlientur

291 4177 748 4309 ⁴iiiiii}elllllll?..¹l²p¹¹.illll·
765 4171 1305 4310 llllhlssialieillffltllffiololil,

291 4322 332 4361 em
349 4306 461 4361 iamiam
473 4308 653 4362 maturiorem
667 4325 748 4362 ercu-
780 4336 936 4347 -—-—-

297 4374 400 4429 deinde
418 4376 504 4430 etiam
520 4376 620 4430 mutati
638 4376 749 4430 consilii
792 4377 852 4417 1De
867 4376 930 4425 eplst.
949 4376 976 4415 X.
995 4377 1091 4414 errarunt
1105 4375 1141 4423 qul
1156 4385 1202 4414 eam
1216 4375 1272 4413 luter
1285 4384 1304 4413 a.

363 4445 502 4513 ostendat,
522 4461 579 4525 rua
593 4444 685 4497 missis
700 4444 749 4523 e-
766 4430 889 4519 tlt-..tte
905 4428 1138 4527 {litteratae
1152 4426 1236 4517 ..tat
1253 4435 1305 4527 tta

294 4510 326 4565 Io
348 4511 465 4566 ludicris
487 4529 570 4567 umee
594 4511 749 4582 sapientrae
768 4532 847 4581 possut
