3225 5442
427 724 586 782 cnuufflu
601 722 809 781 SECULARE.

256 884 367 949 fertilis
385 881 513 969 frugum
530 881 713 967 pecorisque
731 880 841 945 Tellus

258 979 364 1064 spicea
380 977 475 1041 donet
494 973 643 1041 Cererem
661 996 789 1052 eorona;

255 1072 393 1137 nutriant
410 1069 494 1135 setus
511 1079 543 1135 et
560 1091 661 1153 aquae
679 1067 820 1134 salubres

321 1175 352 1230 et
368 1164 455 1229 Iovis
473 1185 577 1229 aurae.

253 1301 381 1366 'condito
399 1299 484 1365 mitis
502 1297 707 1384 placidusque
725 1297 787 1362 telo

258 1395 415 1480 supplices
433 1393 507 1458 audi
523 1414 652 1478 pueros,
672 1391 803 1477 Apoll03

258 1490 394 1554 siderum
412 1487 522 1574 regina
540 1486 676 1552 bioornis
694 1487 777 1563 audi,

320 1584 429 1659 Luna,
448 1581 579 1667 puellas.

256 1711 359 1775 Roma
376 1710 403 1775 si
420 1719 560 1774 vestrum
577 1718 627 1774 est
644 1730 738 1793 opus,
757 1707 896 1791 Iliaeque

257 1807 331 1871 litus
348 1806 520 1871 Etruscum
538 1814 665 1869 tenuere
684 1813 814 1880 turmae,

257 1901 345 1964 iussa
361 1922 434 1984 pars
452 1907 574 1964 mutare
591 1898 673 1963 lares
692 1907 724 1962 et
740 1896 851 1962 urbem

323 1993 440 2078 sospite
459 2016 562 2071 eursu,

259 2122 309 2186 eui
325 2144 382 2207 per
399 2121 560 2186 ardentem
578 2122 645 2186 sine
662 2121 773 2185 fraude
791 2119 919 2184 Troiam

259 2226 363 2281 castus
381 2215 510 2281 Aeneas
528 2216 647 2301 patriae
665 2225 825 2300 superstes

258 2310 391 2375 liberum
409 2310 542 2374 munivit
557 2309 630 2386 iter,
650 2310 778 2375 daturus

323 2404 414 2489 plura
429 2404 560 2470 relictis:

260 2531 305 2607 di,
324 2531 439 2615 probos
458 2554 560 2596 mores
578 2530 672 2596 docili
689 2532 845 2608 iuventae,

261 2625 306 2701 di,
326 2625 479 2690 senectuti
496 2626 638 2711 placidae
655 2626 803 2709 quietem,

261 2718 415 2783 Romulae
432 2720 520 2805 genti
537 2720 608 2785 date
625 2742 755 2804 remque
772 2720 954 2806 prolemque

325 2821 357 2877 et
373 2813 470 2877 deeus
487 2815 595 2880 omuel

262 2961 404 3022 quaeque
422 2962 479 3004 vos
497 2939 600 3005 bobus
618 2950 783 3005 veneratur
801 2939 882 3004 albis

262 3034 363 3098 clarus
380 3032 541 3099 Anchisae
558 3033 754 3118 Venerisque
772 3034 911 3119 sanguis,

262 3129 420 3213 impetret,
439 3127 574 3193 bellante
591 3129 689 3214 prior,
707 3130 862 3193 iacentem

325 3221 405 3285 lenis
422 3222 455 3285 in
472 3221 609 3286 hosteml

261 3350 324 3412 iam
342 3349 421 3413 mari
438 3358 582 3433 terraque
600 3372 712 3413 manus
729 3358 873 3435 potentes

262 3442 379 3507 Medus
396 3441 602 3527 Albanasque
620 3444 708 3508 timet
725 3465 865 3521 secures3

261 3537 324 3601 iam
344 3533 481 3621 Scythae
499 3559 651 3622 responsa
667 3546 777 3623 petunt
795 3536 922 3621 superbi

325 3653 426 3715 nuper
443 3639 474 3694 et
491 3631 572 3695 Indi.

261 3756 326 3820 iam
342 3756 439 3823 Fides
457 3766 489 3822 et
505 3757 577 3821 Pax
593 3767 625 3821 et
641 3757 754 3822 Honos
771 3758 942 3841 Pudorque

262 3850 384 3936 priscus
403 3861 434 3916 et
450 3852 594 3937 neglecta
611 3852 711 3916 redire
729 3852 840 3918 Virtus

263 3947 372 4023 audet,
391 3957 580 4032 apparetque
598 3945 690 4011 beata
707 3947 800 4032 pleno

329 4039 431 4124 Copia
448 4062 553 4104 oomu.

263 4189 364 4252 augur
381 4176 413 4230 et
429 4166 570 4252 fulgente
588 4167 720 4231 decorus
738 4188 813 4230 arou

262 4258 412 4325 Phoebus
430 4269 640 4344 acceptusque
656 4280 773 4323 novem
792 4256 952 4336 Camenis,

264 4353 319 4435 qui
336 4352 465 4417 salutari
481 4353 565 4417 levat
583 4363 648 4418 arte
666 4352 769 4418 fessos

327 4446 465 4531 corporis
483 4454 578 4524 artus,
