3225 5442
631 731 665 795 Q.
680 728 847 786 HORATII
859 726 1001 784 FLAOCI

473 899 503 953 te
520 887 681 973 flagrantis
700 896 790 951 atrox
808 885 886 950 hora
904 884 1076 951 Caniculae

473 983 572 1048 nescit
589 992 732 1067 tangere,
751 990 786 1044 tu
803 980 905 1067 frigus
923 980 1059 1045 amabile

514 1076 608 1141 fessis
627 1097 753 1139 vomere
771 1074 869 1138 tauris

556 1170 689 1256 praebes
707 1179 739 1233 et
755 1169 861 1254 pecori
878 1190 971 1254 vago.

473 1308 529 1372 fies
548 1306 699 1372 nobilium
717 1317 751 1369 tu
769 1326 895 1388 quoque
913 1304 1058 1381 fontium,

474 1424 524 1465 me
542 1401 665 1465 (licente
684 1399 769 1464 cavis
787 1399 967 1484 impositam
985 1399 1090 1464 ilicem

516 1495 615 1571 saxis,
634 1494 718 1558 unde
734 1493 883 1576 loquaces

559 1588 706 1674 lymphae
725 1587 873 1652 desiliunt
891 1597 972 1651 tuae.

665 1814 864 1874 CARMEN
885 1814 977 1873 XIV.

586 1959 637 2008 ΔΙ)
656 1958 835 2009 POPULUM
851 1957 1051 2009 ROMANUM.

475 2085 624 2150 Herculis
641 2085 704 2149 ritu
721 2085 816 2150 modo
833 2085 951 2162 (lictus,
970 2106 989 2149 o
1006 2084 1108 2170 plebs,

476 2190 574 2245 morte
592 2180 869 2267 venalempetiisse
880 2180 1012 2256 laurum,

477 2273 610 2352 Caesar,
629 2274 776 2359 Hispana
791 2274 906 2359 repetit
921 2272 1059 2338 Penates

539 2369 640 2432 victor
657 2368 696 2433 ab
714 2392 778 2432 ora.

469 2504 567 2591 unico
584 2505 726 2591 gaudens
744 2504 856 2568 mulier
873 2504 985 2568 marito

475 2598 607 2682 prodeat
624 2598 714 2662 iustis
733 2607 862 2682 operata
879 2597 970 2674 divis,

352 2722 357 2733 ·
476 2701 507 2755 et
525 2714 613 2756 soror
630 2691 705 2755 clari
723 2691 827 2768 ducis,
846 2700 878 2755 et
895 2691 1026 2756 decorae

540 2785 680 2870 supplice
697 2784 775 2848 vitta

476 2922 633 3007 virginum
651 2930 767 2985 matres
784 2921 997 3004 iuvenumque
1014 2944 1116 3007 nuper

476 3015 639 3100 sospitum.
657 3036 730 3091 vos,
749 3036 769 3078 ο
785 3014 875 3099 pueri
893 3024 924 3080 et
940 3015 1074 3100 puellae,

476 3109 538 3173 iam
556 3109 658 3173 virum
677 3118 836 3193 expertae,
856 3108 938 3172 male
956 3108 1135 3173 inominatis

540 3204 657 3288 parcite
677 3202 790 3267 verbio.

477 3339 527 3403 hic
545 3340 612 3404 dies
630 3361 703 3403 vere
721 3339 797 3402 mihi
816 3339 916 3403 festus
935 3349 1018 3404 atras

477 3433 593 3497 eximet
610 3455 718 3510 curas;
736 3454 797 3518 ego
814 3454 874 3497 nec
891 3433 1069 3509 tumultum,

477 3548 535 3590 nee
552 3528 631 3590 mori
648 3549 705 3611 per
722 3527 787 3589 vim
804 3535 956 3603 metuam,
976 3536 1101 3590 tenente

543 3618 680 3684 Caesare
698 3629 806 3685 terras.

477 3755 502 3831 i,
521 3765 592 3841 pete
609 3766 820 3841 unguentum,
838 3778 931 3841 puer,
952 3765 984 3820 et
1000 3777 1133 3820 coronas

478 3859 509 3913 et
526 3850 638 3914 cadum
656 3849 758 3915 Marsi
775 3872 946 3915 memorem
963 3850 1069 3924 duelli,

479 3942 666 4029 Spartacum
685 3946 712 4009 si
729 3967 793 4028 qua
811 3944 912 4030 potuit
930 3954 1098 4030 vagantem

540 4039 648 4104 fallere
667 4048 756 4103 testa.

477 4176 528 4240 dic
546 4186 577 4240 et
594 4186 723 4262 argutae
741 4185 888 4260 properet
904 4174 1045 4240 Neaerae

477 4291 635 4333 murreum
652 4269 735 4333 nodo
754 4267 898 4333 cohibere
916 4268 1048 4345 crinem3

479 4361 507 4424 si
523 4383 579 4445 per
596 4361 732 4425 invisum
749 4384 838 4427 mora
855 4361 1017 4426 ianitorem

543 4453 609 4530 fiet,
628 4455 721 4520 abito.
