3225 5442
635 703 667 767 Q.
682 700 847 757 HORATIl
861 700 1001 756 FLACCI

687 983 948 1043 OARMENV.

558 1200 561 1206 ι
627 1136 690 1183 nn
727 1134 1002 1184 rrnnunu.

431 1268 520 1352 Quis,
531 1268 629 1332 multa
645 1267 770 1354 gracilis
790 1278 821 1331 te
838 1290 916 1354 puer
933 1268 965 1330 in
982 1291 1056 1332 rosa

429 1363 575 1449 perfusus
594 1362 719 1445 liquidis
738 1371 830 1447 urget
847 1361 994 1426 odoribus

472 1466 576 1542 grato,
595 1455 731 1540 Pyrrha,
751 1454 810 1520 sub
829 1454 936 1520 antro?

514 1550 564 1614 eui
581 1550 696 1614 flavam
712 1548 827 1634 religas
846 1571 977 1630 comam,

430 1687 563 1770 simplex
581 1685 760 1749 munditiis?
777 1684 854 1763 heu,
873 1686 994 1768 quoties
1012 1685 1106 1749 fidem

429 1789 627 1863 mutatosque
646 1780 721 1844 deos
739 1778 827 1843 flebit
844 1788 875 1843 et
892 1802 1003 1864 aspera

471 1874 568 1960 nigris
587 1896 723 1957 aequora
740 1875 842 1938 ventis

514 1968 695 2033 emirabitur
711 1967 860 2043 insolens,

429 2105 483 2188 qui
499 2128 582 2168 nune
601 2115 631 2167 te
648 2103 762 2167 fruitur
779 2103 923 2168 credulus
942 2126 1046 2180 aurea,

429 2199 483 2283 qui
501 2220 624 2285 semper
641 2220 787 2272 vacuam,
807 2219 931 2281 semper
947 2196 1113 2262 amabilem

474 2302 591 2377 sperat,
610 2292 735 2356 nescius
754 2314 849 2355 aurae
924 2363 926 2368 ,

513 2386 644 2450 fallacis.
664 2384 782 2461 miseri,
802 2384 916 2468 quibus

429 2523 580 2587 intentata
595 2522 686 2591 nites.
705 2545 755 2585 me
774 2521 881 2587 tabula
899 2543 986 2586 sacer

325 2656 336 2666 .,
431 2617 535 2681 votiva
551 2616 654 2701 paries
671 2616 788 2680 indicat
805 2616 901 2680 uvida

354 2784 358 2793 ,
471 2711 671 2795 suspendisse
689 2711 808 2795 potenti

513 2805 699 2869 vestimenta
716 2804 812 2869 maris
830 2804 899 2868 deo.

677 3030 874 3090 GARMEN
896 3029 956 3089 VI.

522 3183 574 3232 AD
592 3183 631 3231 Μ.
652 3181 860 3233 VIPSANIUM
878 3181 1083 3247 AGRIPPAM.

407 3314 560 3381 Scriberis
579 3315 675 3381 Vario
693 3315 782 3380 fortis
801 3326 832 3380 et
849 3316 985 3379 hostium

406 3411 506 3474 victor
522 3410 663 3474 Maeonii
680 3410 826 3474 carminis
845 3409 927 3487 alite,

406 3525 501 3586 quam
519 3526 585 3568 rem
603 3525 736 3586 eumque
754 3505 842 3567 ferox
861 3503 993 3568 navibus
1012 3514 1065 3566 aut
1084 3504 1172 3586 equis

449 3598 538 3661 miles
556 3608 587 3661 te
605 3598 684 3661 duce
702 3598 844 3689 gesserit.

406 3756 477 3810 nos,
496 3731 653 3819 Agrippa,
673 3756 773 3817 neque
791 3735 870 3798 lraec
887 3734 1004 3811 dicere,
1023 3733 1082 3799 nee
1099 3756 1227 3820 gravem
1273 3773 1277 3783 ·

408 3827 536 3891 Pelidae
556 3828 751 3892 stomachum
769 3829 879 3892 cedere
897 3828 1005 3905 nescii,

407 3944 465 3987 nee
484 3944 593 3988 cursus
612 3923 745 4008 duplicis
762 3946 820 4008 per
837 3946 922 3987 mare
940 3922 1056 3997 Ulixei,

449 4038 507 4081 nee
526 4040 652 4082 saevam
671 4017 798 4102 Pelopis
818 4017 945 4081 domum

408 4175 569 4231 conamur,
589 4165 698 4218 tenues
716 4154 861 4238 grandia,
881 4154 956 4215 dum
974 4153 1076 4237 pudor

407 4246 603 4331 imbellisque
620 4248 706 4331 lyrae
723 4246 821 4310 Musa
837 4256 949 4331 potens
969 4255 1052 4309 vetat

406 4340 514 4404 laudes
533 4341 651 4427 egregii
671 4339 817 4405 Caesaris
836 4350 867 4404 et
884 4350 953 4404 tuas

449 4434 541 4517 eulpa
558 4436 696 4497 deterere
714 4434 828 4519 ingeni.
