3225 5442
254 690 385 749 XXVIII
646 720 685 760 DE
704 720 772 761 VITA
790 722 827 760 ET
846 719 969 761 SCRlPTlS

254 825 299 888 ms
327 818 483 901 miscuerit,
531 832 589 884 uod
616 838 714 886 censet
735 848 798 886 esse
817 830 907 901 magis
920 830 1031 885 iuvabit
1044 830 1168 885 breviter
1182 830 1363 900 exposuisse,

254 892 489 952 mepnsnmumr
545 899 740 970 eniqueetiam
749 917 799 952 nu·
819 900 896 969 quod
905 899 945 953 ita
964 899 1048 953 etiam
1068 899 1171 952 satirae
1182 898 1363 953 Horatianae

255 964 351 1029 meros
365 957 471 1017 Lucilii
485 972 518 1020 ut
531 968 659 1023 duriores
674 968 799 1023 ethorri-
818 968 992 1037 praestantia
1002 967 1105 1021 clarius
1114 967 1319 1036 perspicietur.

256 1016 352 1078 d10res
370 1034 495 1104 notavit,
514 1037 589 1091 unde
607 1037 699 1107 ipsum
716 1041 801 1090 vocat
843 1036 944 1105 Itaque
957 1036 1077 1105 primum
1087 1034 1201 1115 quidem
1211 1040 1302 1115 poeta
1310 1034 1362 1090 Ve-

256 1087 353 1147 durum
370 1116 526 1171 componere
543 1124 645 1171 vasus,
667 1120 800 1159 numeros
818 1104 937 1157 nusinus
960 1104 1073 1157 omnino
1096 1103 1168 1156 illud
1195 1103 1362 1173 diligentius

256 1163 353 1217 autem
377 1168 439 1223 eius
457 1172 611 1227 arbitratur
632 1175 800 1243 incomposito
820 1170 1363 1241 exploratumhabuit,quorsumsatirae

254 1228 466 1294 pedecurrerm
483 1240 799 1321 Haeoigitursuntfere,
818 1258 920 1293 munus
930 1238 1090 1294 etofficium
1099 1239 1199 1293 referri
1207 1246 1363 1309 oporteret.

258 1311 333 1364 quae
347 1300 486 1361 Horatius
501 1309 530 1362 in
545 1309 637 1364 satiris
645 1309 750 1363 Lucilii
759 1326 801 1362 re·
819 1309 892 1363 Nam
906 1326 991 1378 quum
1006 1308 1073 1361 olim
1086 1307 1158 1361 fines
1168 1307 1259 1374 illius,
1269 1309 1363 1377 prouti

258 1366 466 1443 prehendenda
475 1394 538 1431 esse
548 1377 692 1431 iudicavit.
718 1377 801 1441 Quod
820 1376 953 1446 antiquae
969 1382 1080 1429 saturae
1095 1381 1197 1429 natura
1213 1380 1244 1429 et
1252 1375 1363 1430 indoles

259 1435 801 1552 ffldemiudiciumetsinecaequalibus
820 1445 939 1511 ferebat,
946 1445 1030 1513 plane
1040 1444 1248 1523 incertivagati
1258 1449 1362 1512 essent,

289 1506 382 1575 oratii,
397 1515 496 1589 utpote
511 1520 637 1566 veterum
654 1519 801 1582 poetarum
821 1512 1363 1583 tumHoratiusprimusextitit,quiillos

260 1584 356 1626 amore
367 1583 468 1647 captis,
484 1581 552 1634 satis
561 1582 711 1650 probatum
723 1585 775 1650 est,
789 1584 801 1623 ³
821 1582 860 1634 ita
869 1582 1013 1650 regundos
1027 1597 1089 1634 esse
1101 1579 1154 1633 sibi
1164 1581 1362 1649 persuaderet,

259 1653 354 1719 neque
382 1644 549 1709 Quintiliani
574 1656 668 1703 aetate
695 1650 803 1719 placuit
820 1656 852 1702 ut
861 1649 952 1703 omnis
961 1649 1070 1702 eiusvis
1079 1648 1206 1729 inprimis
1217 1648 1249 1702 in
1260 1648 1364 1703 descri-

261 1709 423 1790 Omplbus,4
436 1722 530 1770 tamen
541 1717 644 1787 quibus
656 1718 763 1771 caussis
774 1723 803 1770 et
820 1718 921 1771 bendis
935 1717 1080 1772 hominum
1093 1717 1168 1769 vrtiis
1182 1721 1212 1770 et
1224 1716 1364 1785 perversi-

189 1789 191 1793 ·
261 1779 421 1834 rationibus
439 1784 555 1854 nitatur,
570 1786 654 1840 facile
669 1785 801 1856 intelligi·
820 1787 926 1840 tatibus
941 1802 973 1839 ex
994 1790 1157 1839 romeretur.
1189 1785 1295 1855 Itaque
1310 1802 1363 1839 ma·

261 1846 316 1897 tur·
326 1912 332 1925 ι
342 1847 526 1926 Desideravit
539 1854 613 1908 enim
621 1854 758 1909 Horatius
772 1854 801 1906 in
820 1854 907 1909 tcriae
918 1804 1129 1922 amplitudinem
1143 1858 1172 1907 et
1185 1854 1362 1919 varietatem,

261 1910 801 1991 Lucrhoeamelegantiametvenusta-
821 1940 905 1993 quam
928 1923 994 1976 olim
1017 1922 1104 1975 satira
1126 1921 1279 1990 complexa
1295 1928 1363 1989 erat,

262 1984 801 2063 temquampostularevidereturprae-
819 1992 973 2060 prudenter
986 1989 1153 2059 temperavit
1166 1995 1196 2043 et
1209 1991 1249 2045 ad
1260 1996 1364 2044 certam

264 2056 801 2115 sentisaetatishumanitasGraecarum
821 2060 962 2130 quandam
976 2058 1099 2112 universi
1112 2057 1225 2111 ridiculi
1244 2058 1364 2112 formam

262 2116 418 2179 litterarum
442 2129 535 2183 studio
554 2128 631 2183 facta
652 2128 776 2198 politior.
790 2132 802 2168 5
821 2145 855 2181 ac
866 2127 987 2196 speciem
1001 2126 1151 2195 restrinxit,
1168 2127 1248 2195 quod
1265 2144 1334 2181 sane
1348 2144 1364 2179 a

263 2186 336 2243 Nam
359 2196 435 2263 quod
457 2197 561 2250 dudum
584 2198 613 2251 in
636 2195 802 2267 eloquentia
822 2195 1014 2264 superioribus
1022 2194 1363 2263 satirarumscriptoribus

263 2254 369 2336 iactum
383 2270 452 2330 erat,
467 2271 499 2318 ut
509 2280 609 2319 cascae
624 2264 801 2335 antiquitatis
821 2264 980 2333 neglectum
998 2263 1098 2317 fuerat.
1131 2261 1188 2315 Sed
1206 2262 1265 2315 hoc
1280 2281 1364 2333 quum

263 2328 386 2382 incultus
400 2333 491 2385 cultus
510 2334 664 2403 aliquando
679 2333 801 2387 auferre·
821 2333 858 2386 ad
882 2332 1013 2385 satiricae
1040 2330 1200 2400 scriptionis
1223 2331 1363 2385 rationem

224 2424 227 2429 -
263 2399 310 2446 tur
320 2401 349 2448 et
358 2398 516 2469 elegantior
522 2401 657 2455 orationis
664 2402 756 2455 forma
766 2400 803 2453 ad
821 2401 976 2469 prudenter
988 2400 1190 2453 moderandam
1204 2400 1295 2469 longe
1306 2400 1364 2453 fue-

265 2460 439 2520 Graecorum
466 2470 622 2537 exemplum
653 2469 803 2522 emendata
821 2470 858 2521 rit
911 2468 1085 2534 avissimum,
1104 2473 1162 2520 tum
1180 2467 1268 2520 etiam
1288 2468 1365 2521 aliud

263 2544 455 2611 usurparetur,
472 2537 548 2605 quod
556 2536 662 2606 primus
676 2543 802 2591 tentasse
822 2536 869 2606 qui
901 2536 1030 2603 accessit,
1042 2536 1160 2606 quodad
1170 2535 1239 2588 artis
1250 2536 1364 2589 laudem

264 2599 377 2653 videtur
395 2603 583 2658 ltl.'Aemilius
600 2604 737 2673 Lepidus,
757 2621 803 2657 co·
823 2604 1066 2658 certenonminus
1077 2603 1173 2657 valuit.
1192 2603 1267 2658 Nam
1279 2621 1364 2673 quum

265 2668 398 2749 gnomine
413 2672 544 2738 Porcina,
560 2672 731 2726 Cosano.
744 2673 802 2725 617.
821 2674 876 2726 iarn
884 2672 1012 2726 Lucilius
1026 2671 1132 2725 variam
1145 2671 1258 2723 ridendi
1268 2672 1366 2726 iocan-

266 2734 396 2807 qv.Cicer.
406 2738 725 2795 Brut.c.25.etEllendt.
735 2741 802 2793 Pro·
823 2741 907 2811 dique
925 2739 1070 2793 materiam
1085 2740 1298 2810 quodammodo
1310 2740 1364 2793 dis-

265 2806 341 2884 legg.
350 2805 802 2878 inCicer.Brut.p.XXXHIsq.);
823 2809 958 2863 crevisset
984 2815 1014 2862 et
1040 2809 1075 2861 ad
1104 2812 1195 2861 certos
1243 2809 1363 2862 uosdam

265 2873 340 2926 idem
354 2880 412 2928 tum
427 2877 456 2930 in
469 2878 551 2947 poesi
565 2877 664 2931 audaci
679 2893 746 2931 sane
758 2893 803 2929 co·
822 2880 902 2930 locos
920 2876 1124 2944 revocavisset,
1149 2881 1208 2927 tum
1257 2877 1364 2930 oratius

266 2945 335 2995 natu
345 2943 463 3011 primum
478 2945 585 3015 experti
600 2962 662 2999 esse
672 2945 804 2998 videntur
823 2944 1027 3015 sapientissime
1037 2944 1077 2997 ita
1086 2943 1216 3010 instituit,
1227 2950 1260 2996 ut
1269 2944 1365 3014 singu·

266 3008 315 3063 As.
325 3010 427 3082 Pollio,
437 3014 549 3081 Varius,
559 3014 697 3084 Virgilius
707 3018 737 3066 et
746 3013 803 3066 Ho·
822 3016 866 3068 lac
886 3013 989 3067 satirae
1009 3026 1077 3065 suae
1095 3012 1124 3064 in
1143 3011 1263 3080 singulis
1283 3030 1364 3083 argu-

265 3077 363 3149 ratius,
379 3098 450 3152 quos
465 3099 529 3135 mox
539 3082 587 3137 alii
598 3081 710 3152 sequuti
726 3086 803 3147 sunt3
823 3081 923 3135 mentis
961 3080 1136 3133 illustrandis
1174 3088 1365 3134 versarentur.

267 3147 350 3201 sicuti
363 3151 550 3219 probabiliter
564 3150 719 3220 disputavit
727 3150 804 3204 Wei·
824 3150 886 3213 Quo
897 3165 953 3201 uno
964 3149 1082 3202 maxime
1098 3149 1153 3201 hoc
1168 3155 1364 3218 consequutus

267 3216 354 3270 chert.
371 3220 484 3275 Poetar.
497 3221 562 3274 Lat.
576 3218 649 3274 Rell.
662 3237 691 3289 p.
700 3218 751 3271 327
762 3234 803 3287 sq.
824 3222 875 3285 est,
890 3222 922 3270 ut
936 3216 1049 3287 singula
1061 3217 1134 3269 haec
1146 3222 1280 3285 poemata
1293 3217 1364 3271 inse

267 3284 457 3349 Quamobrem
467 3288 620 3368 quodopus
630 3288 679 3341 ille
689 3286 804 3356 egregie
823 3286 893 3355 ipsis
904 3293 999 3339 essent
1012 3285 1140 3353 perfecta
1153 3288 1239 3351 atque
1251 3284 1365 3355 singula

265 3352 804 3423 inchoavisset‚idemipsculteriuspro·
824 3354 891 3407 artis
902 3370 989 3422 opera
1004 3352 1163 3406 existerent.
1190 3352 1286 3422 Atque
1303 3371 1364 3406 cum

267 3418 421 3489 digandum
428 3423 534 3477 statuit
551 3422 721 3492 Atquehoci
744 3439 804 3473 sum
824 3423 878 3475 hoc
888 3420 1098 3475 artificioetiam
1109 3419 1363 3540 tertiumquiddam

268 3488 291 3541 si
298 3489 324 3541 ei
332 3488 361 3541 in
371 3490 518 3543 satirarum
528 3440 804 3558 scriptionearditra-
825 3490 967 3556 cohaeret,
983 3490 1060 3558 quod
1074 3493 1160 3557 poeta
1174 3488 1230 3541 saci
1244 3506 1259 3542 e
1273 3489 1364 3557 pervi-

267 3573 328 3609 mur
336 3556 454 3611 maxime
463 3557 552 3612 fuisse
559 3557 750 3677 propositum,
764 3556 805 3608 ni·
825 3557 865 3609 dit
875 3557 911 3610 ad
917 3557 985 3610 artis
994 3557 1124 3626 poeticae
1133 3556 1246 3611 laudem
1256 3558 1364 3610 volma-

267 3624 308 3676 hil
318 3641 385 3679 sane
396 3630 519 3679 statuere
530 3626 557 3678 vi
578 3643 664 3693 emur,
680 3625 757 3695 quod
767 3625 804 3677 ab
824 3625 895 3679 xime
924 3642 987 3678 esse
1013 3625 1212 3679 necessarium.
1257 3623 1364 3678 Sedulo

267 3692 716 3760 ipsarerumvcritateabhorreat.
731 3693 805 3747 Vere
825 3693 898 3746 enim
907 3693 992 3747 etiam
1006 3693 1076 3746 illud
1086 3692 1202 3759 curavit,
1216 3693 1365 3746 utunicui·

268 3759 343 3814 enim
352 3762 522 3815 contendere
537 3760 642 3830 licebit,
656 3759 806 3814 Horatium
825 3778 879 3831 que
889 3762 1006 3830 eclogae
1017 3760 1188 3815 velsermoni
1198 3760 1365 3829 principalis

267 3827 297 3880 in
310 3827 354 3881 his
373 3829 511 3897 poematis
526 3829 683 3883 scribendis
698 3845 805 3881 summa
824 3829 921 3899 aliqua
935 3829 1077 3883 sententia
1087 3829 1132 3881 vel
1141 3828 1207 3882 idea
1220 3833 1365 3898 tamquam

269 3912 397 3976 quaeque
421 3898 593 3966 spectavisse
617 3903 703 3967 atque
728 3896 804 3949 felici
824 3896 1000 3950 fundamenti
1013 3897 1077 3949 loco
1089 3897 1217 3950 subiecta
1226 3902 1312 3964 esset,
1328 3897 1365 3950 ad

268 3964 374 4034 ingemi
384 3964 447 4018 nisu
458 3971 662 4035 consequutum
672 3981 744 4019 esse.
762 3966 805 4017 Ex
825 3982 908 4045 quam
926 3982 1010 4018 unam
1029 3964 1151 4034 denique
1170 3963 1263 4017 omnia
1278 3969 1365 4034 atquo

270 4048 326 4102 quo
336 4032 403 4087 item
417 4034 523 4088 clarum
532 4033 565 4087 fit
573 4051 608 4087 ao
614 4033 803 4113 perspicuum,
825 4033 937 4103 singula
951 4032 1124 4085 referrentur
1157 4048 1249 4099 uaque
1264 4031 1295 4085 id
1305 4032 1365 4086 effi·

270 4116 320 4152 our
328 4101 492 4156 brevissimo
502 4108 636 4171 temporrs
647 4101 738 4172 spatio
749 4119 805 4154 ma·
825 4100 1113 4170 ceretur,utquamvis
1123 4050 1366 4154 ldienimusesset

269 4165 370 4223 ximam
388 4170 533 4225 facultatis
550 4170 680 4241 poeticae
694 4170 806 4224 laudem
825 4168 962 4223 sermonis
975 4167 1055 4220 instit
1076 4168 1097 4220 ti
1116 4185 1213 4220 cursus
1231 4168 1365 4222 maxima-

270 4234 324 4287 sibi
334 4240 545 4307 comparaverit.
565 4240 610 4293 De
621 4256 676 4308 qua
685 4255 715 4292 re
725 4242 804 4291 tanto
825 4253 879 4308 que
889 4236 978 4305 ipsius
992 4236 1228 4315 va1·ietas,tamen
1242 4235 1315 4289 nihil
1325 4242 1365 4291 te-

273 4306 524 4377 Tsffiiffiposqq,
825 4304 1363 4374 merepositum,nihilmepteintrusum‚

296 4375 562 4424 asat.1.1o.rn.etr.4.
573 4380 592 4418 a.
825 4373 895 4426 nihil
926 4373 1047 4442 denique
1077 4372 1287 4425 inconsiderate
1316 4374 1364 4426 ad-

296 4425 309 4516 ᾖ
321 4436 344 4516 {j
354 4428 427 4528 ερῗῐῐᾷ
435 4430 546 4519 {iodim
557 4432 584 4469 ¹¹·
594 4432 613 4468 ¹·
623 4431 662 4469 ¹*
670 4429 716 4467 ¹⁰⁰·
825 4442 927 4494 iectum
941 4441 1092 4509 videretur,
1104 4441 1153 4493 sed
1164 4439 1257 4493 omnia
1268 4446 1365 4495 essent

297 4527 310 4567 s
322 4538 344 4567 v.
354 4529 422 4579 spic.
432 4530 460 4570 11.
470 4533 490 4578 r,
500 4532 525 4571 rs
534 4541 581 4580 sqq.
827 4509 1019 4563 sollertissime
1030 4509 1067 4562 ad
1075 4524 1161 4561 unum
1171 4507 1252 4578 quasi
1259 4523 1363 4579 corpus
