3225 5442
322 683 385 748 160
651 695 684 760 Q.
693 693 858 784 HORATII
871 691 1016 753 FLACCI

255 877 303 924 150
321 852 621 918 adnumerandum:
640 851 798 916 hominem
817 852 861 915 sic
880 851 985 937 crigit3
1005 854 1096 918 addit
1115 864 1147 919 et
1163 855 1251 920 illud:

321 950 353 1012 ni
372 958 425 1012 tua
443 948 596 1024 custodis,
615 947 725 1012 avidus
743 947 806 1011 iam
824 946 902 1010 haec
920 946 1041 1012 auferet
1060 948 1165 1014 heres.
1184 990 1225 997 —

322 1040 692 1106 mcn’vivo?—utvivas
702 1040 806 1126 igitur,
821 1040 932 1125 vigila:
949 1040 1012 1106 hoc
1020 1064 1094 1127 age.
1104 1067 1147 1090 ‘—
1157 1044 1232 1127 quid
1239 1044 1326 1109 visl-

318 1138 462 1203 dcficient
476 1135 602 1219 inopem
619 1157 718 1198 venae
736 1145 781 1211 10,
800 1134 834 1198 ni
851 1134 939 1199 cibus
957 1144 1053 1218 atque

321 1231 432 1316 ingens
451 1230 579 1294 accedat
598 1229 758 1294 stomacho
776 1229 893 1293 fultura
910 1229 1023 1293 ruenti.

255 1345 303 1391 155
322 1334 356 1388 111
373 1324 500 1388 cessas?
518 1325 668 1409 agedum,
688 1346 777 1388 sume
793 1322 855 1387 hoc
871 1323 1080 1408 ptisanarium
1099 1348 1226 1411 oryzae.
1245 1366 1283 1374 -

320 1418 428 1501 quanti
438 1418 1252 1503 emtaef-parvo.—quantiergol—octussibus.—
1262 1422 1336 1496 eheu,

321 1512 397 1595 quid
414 1512 519 1588 refert,
532 1513 648 1576 morbo
667 1536 706 1576 an
724 1511 816 1575 furtis
834 1533 1023 1596 pereamque
1040 1513 1184 1597 rapinis?
1202 1553 1244 1562 —

319 1606 465 1687 quisnam
482 1606 577 1692 igitur
595 1607 709 1671 sanus?
727 1607 862 1689 quinon
880 1606 1003 1671 stultus.
1023 1609 1103 1692 quid
1122 1611 1257 1675 avarus?

321 1699 434 1763 stultus
453 1710 484 1764 et
502 1703 640 1765 insanus.
660 1700 745 1783 quid,
765 1701 792 1765 si
810 1700 880 1784 quis
898 1723 961 1765 non
979 1701 1021 1765 sit
1038 1725 1174 1781 avarus,

255 1813 302 1860 100
322 1793 469 1858 continuo
488 1795 603 1859 sanus?
621 1795 757 1859 minime.
777 1817 846 1873 cur,
868 1793 992 1860 Stoice?
1010 1796 1128 1874 dicam,

320 1911 382 1951 non
401 1899 449 1952 est
467 1890 628 1954 cardiacus
647 1925 688 1935 —
708 1889 873 1954 Craterum
891 1889 1009 1955 dixisse
1026 1899 1143 1975 putato
1163 1931 1205 1939 —

320 1983 371 2046 hic
390 2006 492 2069 aeger.
512 1994 595 2048 recte
613 1994 661 2049 est
679 1984 774 2070 igitur
791 1983 980 2071 surgatque?
996 1984 1146 2070 negabit,

320 2079 406 2161 quod
423 2079 504 2142 latus
522 2090 576 2142 aut
593 2101 683 2143 renes
701 2078 811 2143 morbo
830 2087 987 2143 tentantur
1004 2088 1108 2143 acuto

320 2194 383 2235 uon
402 2183 450 2237 cst
466 2175 609 2258 periurus
628 2195 729 2257 ncque
747 2173 893 2237 sordidus
899 2198 909 2251 ;
926 2172 1067 2237 immolet
1084 2175 1199 2257 aequis

254 2284 301 2331 165
319 2265 370 2329 hic
387 2289 516 2351 porcum
534 2266 683 2331 Laribus.
701 2289 811 2330 verum
828 2266 1011 2331 ambitiosus
1030 2276 1062 2330 et
1080 2269 1204 2345 audax;

320 2362 447 2447 naviget
464 2361 660 2447 Anticyram.
680 2363 756 2445 quid
773 2363 857 2426 enim
875 2362 989 2439 differt,
1008 2361 1205 2427 barathrone

321 2456 418 2521 dones
436 2458 589 2541 quidquid
606 2456 704 2521 habes
723 2480 764 2522 an
781 2480 941 2541 nunquam
958 2464 1047 2520 utare
1065 2458 1208 2541 paratis?

322 2551 452 2618 Servius
472 2550 631 2638 Oppidius
651 2550 772 2616 Canusi
789 2554 852 2616 duo
869 2550 1009 2637 praedia,
1029 2552 1121 2616 dives

320 2648 449 2730 antiquo
467 2669 576 2722 censu,
595 2647 676 2711 natis
695 2647 811 2711 divisse
830 2645 952 2711 duobus

254 2756 302 2801 110
321 2734 419 2797 fertur
437 2741 467 2795 et
484 2733 562 2796 haec
580 2733 714 2796 moriens
731 2732 836 2816 pueris
856 2732 972 2796 dixisse
994 2731 1115 2795 vocatis

321 2828 361 2891 ad
378 2827 508 2890 lectum:
526 2836 693 2911 postquam
712 2835 741 2890 tc
759 2826 853 2903 talos,
872 2824 970 2902 Aule,
988 2847 1153 2908 nucesque

320 2922 401 2985 ferre
421 2922 492 2984 sinu
509 2921 594 2998 laxo,
614 2922 729 2985 donare
748 2930 778 2984 et
795 2921 902 2986 ludere
920 2918 998 2995 vidi,

321 3027 365 3093 10,
385 3016 503 3093 Tiberi,
522 3039 700 3093 numerare,
719 3015 805 3080 cavis
824 3015 1015 3080 abscondere
1034 3013 1173 3092 tristem3
1227 3050 1230 3057 ·

321 3111 464 3187 extimui,
483 3133 522 3174 ne
540 3134 597 3175 vos
616 3120 722 3197 ageret
740 3109 868 3175 vesania
885 3111 1019 3184 discors,
1058 3139 1060 3143 ·

254 3227 301 3273 115
320 3214 354 3268 111
371 3206 617 3282 Nomentanum,
637 3215 669 3269 tu
688 3227 727 3268 ne
746 3226 909 3287 sequerere
928 3203 1083 3269 Cicutam.

319 3324 416 3384 quare
433 3323 490 3385 per
507 3300 597 3364 divos
616 3310 721 3364 oratus
739 3309 870 3382 uterque
888 3298 1038 3373 Penates,

320 3405 355 3457 tu
373 3416 449 3457 cave
467 3416 507 3457 ne
526 3394 663 3470 minuas,
683 3403 718 3457 tu
734 3415 774 3457 ne
792 3393 894 3457 maius
912 3391 1009 3456 facias
1028 3391 1075 3466 id,

320 3489 404 3570 quod
424 3489 499 3552 satis
519 3510 588 3552 0000
605 3497 696 3572 putat
712 3497 802 3571 pater
819 3496 855 3551 et
867 3496 978 3550 natura
995 3494 1126 3550 coercet.

319 3591 480 3665 praetcrea
497 3604 537 3646 ne
554 3605 611 3646 vos
631 3581 733 3645 titillet
749 3581 862 3667 gloria,
882 3582 948 3644 iure

255 3696 302 3742 180
319 3676 450 3739 iurando
468 3676 663 3761 obstringam
681 3675 787 3739 ambo:
806 3685 875 3738 uter
893 3674 1001 3738 aedilis
1020 3671 1154 3736 fueritve

320 3778 458 3833 vestrum
475 3779 613 3854 praetor,
632 3771 659 3833 10
678 3769 863 3833 intestabilis
882 3777 913 3832 et
931 3789 1019 3832 sacer
1036 3774 1084 3830 est
1106 3814 1114 3829 .

319 3864 353 3926 in
370 3864 470 3928 cicere
488 3874 581 3947 atque
599 3864 674 3929 faba
691 3864 774 3929 bona
792 3874 827 3928 tu
843 3864 1018 3948 perdasque
1035 3859 1166 3943 lupinis,

319 3959 401 4021 latus
419 3968 454 4021 ut
472 3958 505 4022 in
522 3959 605 4023 circo
624 3958 756 4043 spatiere
775 3967 805 4022 et
824 3979 938 4021 aeneus
957 3964 992 4019 ut
1010 3964 1087 4030 0100,

319 4054 423 4116 nudus
443 4053 541 4139 agris,
560 4052 663 4117 nudus
682 4052 833 4128 nummis,
852 4051 974 4125 insane,
993 4046 1151 4134 paternis?

254 4165 301 4214 185
321 4148 438 4212 scilicet
456 4157 491 4210 ut
508 4148 648 4233 plausus,
669 4169 747 4230 quos
765 4145 828 4209 fert
843 4144 1003 4231 Agrippa,
1022 4143 1106 4206 feras
1126 4150 1174 4216 tu,

319 4252 423 4307 astuta
439 4243 612 4328 ingenuum
629 4243 739 4326 vulpes
758 4241 878 4304 imitata
894 4237 1031 4304 lconcml
1047 4276 1088 4284 -

319 4359 358 4399 ne
377 4337 447 4419 quis
465 4336 613 4400 humasse
632 4335 706 4398 velit
722 4333 871 4411 Aiacem,
889 4332 1017 4410 Atrida,
1036 4340 1125 4395 vetas
1144 4330 1220 4393 cur?
1239 4368 1280 4376 —

319 4450 374 4491 rcx
393 4451 472 4493 sum.
492 4469 533 4476 —-
551 4430 595 4493 nil
613 4430 692 4493 ultra
709 4450 826 4512 quaero
843 4428 993 4513 plebeius.
1013 4466 1055 4474 -
1073 4434 1105 4491 ct
1122 4446 1259 4507 aequam
