<?xml version="1.0" encoding="UTF-8"?>
<!DOCTYPE html PUBLIC "-//W3C//DTD XHTML 1.0 Transitional//EN"
    "http://www.w3.org/TR/xhtml1/DTD/xhtml1-transitional.dtd">
<html xmlns="http://www.w3.org/1999/xhtml" xml:lang="en" lang="en">
 <head>
  <title>
</title>
<meta http-equiv="Content-Type" content="text/html;charset=utf-8" />
  <meta name='ocr-system' content='tesseract 3.04.00' />
  <meta name='ocr-capabilities' content='ocr_page ocr_carea ocr_par ocr_line ocrx_word'/>
</head>
<body>
  <div class='ocr_page' id='page_1' title='image "./qhoratiiflaccio00stalgoog/qhoratiiflaccio00stalgoog_0125.png"; bbox 0 0 3225 5442; ppageno 0'>
   <div class='ocr_carea' id='block_1_1' title="bbox 428 719 783 779">
    <p class='ocr_par' dir='ltr' id='par_1_1' title="bbox 428 719 783 779">
     <span class='ocr_line' id='line_1_1' title="bbox 428 719 783 779; baseline -0.006 -2"><span class='ocrx_word' id='word_1_1' title='bbox 428 719 639 779; x_wconf 79' lang='lat' dir='ltr'><strong>CARMINUM</strong></span> <span class='ocrx_word' id='word_1_2' title='bbox 656 720 731 775; x_wconf 87' lang='lat' dir='ltr'><strong>LlB.</strong></span> <span class='ocrx_word' id='word_1_3' title='bbox 744 721 783 775; x_wconf 87' lang='lat'><strong>11.</strong></span> 
     </span>
    </p>
   </div>
   <div class='ocr_carea' id='block_1_2' title="bbox 261 876 879 1058">
    <p class='ocr_par' dir='ltr' id='par_1_2' title="bbox 261 876 879 1058">
     <span class='ocr_line' id='line_1_2' title="bbox 263 876 879 963; baseline -0.003 -19"><span class='ocrx_word' id='word_1_4' title='bbox 263 880 318 945; x_wconf 90' lang='lat' dir='ltr'><strong>scd</strong></span> <span class='ocrx_word' id='word_1_5' title='bbox 335 900 386 943; x_wconf 91' lang='lat' dir='ltr'><strong>me</strong></span> <span class='ocrx_word' id='word_1_6' title='bbox 403 900 460 963; x_wconf 89' lang='lat' dir='ltr'><strong>per</strong></span> <span class='ocrx_word' id='word_1_7' title='bbox 476 877 584 943; x_wconf 88' lang='lat' dir='ltr'><strong>hostes</strong></span> <span class='ocrx_word' id='word_1_8' title='bbox 601 876 779 942; x_wconf 86' lang='lat' dir='ltr'><strong>Mercurius</strong></span> <span class='ocrx_word' id='word_1_9' title='bbox 796 878 879 943; x_wconf 86' lang='lat' dir='ltr'><strong>celer</strong></span> 
     </span>
     <span class='ocr_line' id='line_1_3' title="bbox 261 971 792 1058; baseline -0.004 -21"><span class='ocrx_word' id='word_1_10' title='bbox 261 974 360 1038; x_wconf 91' lang='lat' dir='ltr'><strong>denso</strong></span> <span class='ocrx_word' id='word_1_11' title='bbox 377 982 543 1058; x_wconf 91' lang='lat' dir='ltr'><strong>paventem</strong></span> <span class='ocrx_word' id='word_1_12' title='bbox 562 971 689 1037; x_wconf 74' lang='lat' dir='ltr'>sustulit</span> <span class='ocrx_word' id='word_1_13' title='bbox 705 993 792 1049; x_wconf 83' lang='lat' dir='ltr'><strong>aere3</strong></span> 
     </span>
    </p>
   </div>
   <div class='ocr_carea' id='block_1_3' title="bbox 304 1064 827 1225">
    <p class='ocr_par' dir='ltr' id='par_1_3' title="bbox 304 1064 827 1225">
     <span class='ocr_line' id='line_1_4' title="bbox 304 1064 827 1132; baseline 0 -1"><span class='ocrx_word' id='word_1_14' title='bbox 304 1077 334 1132; x_wconf 91' lang='lat' dir='ltr'><strong>te</strong></span> <span class='ocrx_word' id='word_1_15' title='bbox 351 1089 459 1132; x_wconf 73' lang='lat' dir='ltr'><strong>ausus</strong></span> <span class='ocrx_word' id='word_1_16' title='bbox 477 1066 510 1130; x_wconf 92' lang='lat' dir='ltr'><strong>in</strong></span> <span class='ocrx_word' id='word_1_17' title='bbox 526 1065 644 1131; x_wconf 90' lang='lat' dir='ltr'><strong>bellum</strong></span> <span class='ocrx_word' id='word_1_18' title='bbox 661 1064 827 1131; x_wconf 86' lang='lat' dir='ltr'><strong>resorbens</strong></span> 
     </span>
     <span class='ocr_line' id='line_1_5' title="bbox 346 1159 805 1225; baseline -0.002 -1"><span class='ocrx_word' id='word_1_19' title='bbox 346 1160 431 1225; x_wconf 88' lang='lat' dir='ltr'><strong>unda</strong></span> <span class='ocrx_word' id='word_1_20' title='bbox 447 1159 535 1224; x_wconf 87' lang='lat' dir='ltr'><strong>fretis</strong></span> <span class='ocrx_word' id='word_1_21' title='bbox 553 1159 624 1223; x_wconf 92' lang='lat' dir='ltr'><strong>tulit</strong></span> <span class='ocrx_word' id='word_1_22' title='bbox 641 1159 805 1225; x_wconf 82' lang='lat' dir='ltr'><strong>aestuosis.</strong></span> 
     </span>
    </p>
   </div>
   <div class='ocr_carea' id='block_1_4' title="bbox 196 1299 868 2085">
    <p class='ocr_par' dir='ltr' id='par_1_4' title="bbox 196 1299 868 2085">
     <span class='ocr_line' id='line_1_6' title="bbox 196 1299 868 1387; baseline -0.003 -22"><span class='ocrx_word' id='word_1_23' title='bbox 196 1305 201 1312; x_wconf 86' lang='lat'>&#39;</span> <span class='ocrx_word' id='word_1_24' title='bbox 262 1322 337 1387; x_wconf 86' lang='lat' dir='ltr'><strong>ergo</strong></span> <span class='ocrx_word' id='word_1_25' title='bbox 354 1299 526 1386; x_wconf 78' lang='lat' dir='ltr'><strong>obligatam</strong></span> <span class='ocrx_word' id='word_1_26' title='bbox 542 1300 638 1364; x_wconf 86' lang='lat' dir='ltr'>redde</span> <span class='ocrx_word' id='word_1_27' title='bbox 657 1300 728 1365; x_wconf 85' lang='lat' dir='ltr'><strong>lovi</strong></span> <span class='ocrx_word' id='word_1_28' title='bbox 744 1299 868 1386; x_wconf 89' lang='lat' dir='ltr'><strong>dapem,</strong></span> 
     </span>
     <span class='ocr_line' id='line_1_7' title="bbox 260 1393 780 1480; baseline 0 -22"><span class='ocrx_word' id='word_1_29' title='bbox 260 1394 416 1480; x_wconf 82' lang='lat' dir='ltr'><strong>longaque</strong></span> <span class='ocrx_word' id='word_1_30' title='bbox 432 1394 554 1459; x_wconf 81' lang='lat' dir='ltr'><strong>fessum</strong></span> <span class='ocrx_word' id='word_1_31' title='bbox 571 1393 682 1458; x_wconf 87' lang='lat' dir='ltr'><strong>militia</strong></span> <span class='ocrx_word' id='word_1_32' title='bbox 697 1393 780 1458; x_wconf 88' lang='lat' dir='ltr'><strong>latus</strong></span> 
     </span>
     <span class='ocr_line' id='line_1_8' title="bbox 303 1485 789 1574; baseline 0.002 -23"><span class='ocrx_word' id='word_1_33' title='bbox 303 1489 424 1574; x_wconf 87' lang='lat' dir='ltr'><strong>depone</strong></span> <span class='ocrx_word' id='word_1_34' title='bbox 442 1485 502 1552; x_wconf 91' lang='lat' dir='ltr'><strong>sub</strong></span> <span class='ocrx_word' id='word_1_35' title='bbox 520 1486 610 1550; x_wconf 89' lang='lat' dir='ltr'><strong>lauru</strong></span> <span class='ocrx_word' id='word_1_36' title='bbox 626 1509 711 1564; x_wconf 89' lang='lat' dir='ltr'><strong>mea,</strong></span> <span class='ocrx_word' id='word_1_37' title='bbox 729 1508 789 1552; x_wconf 89' lang='lat' dir='ltr'><strong>nec</strong></span> 
     </span>
     <span class='ocr_line' id='line_1_9' title="bbox 345 1579 808 1667; baseline -0.002 -21"><span class='ocrx_word' id='word_1_38' title='bbox 345 1603 437 1667; x_wconf 91' lang='lat' dir='ltr'><strong>parce</strong></span> <span class='ocrx_word' id='word_1_39' title='bbox 455 1580 542 1646; x_wconf 85' lang='lat' dir='ltr'><strong>cadis</strong></span> <span class='ocrx_word' id='word_1_40' title='bbox 561 1579 617 1645; x_wconf 92' lang='lat' dir='ltr'><strong>tibi</strong></span> <span class='ocrx_word' id='word_1_41' title='bbox 635 1580 808 1646; x_wconf 89' lang='lat' dir='ltr'><strong>destinatis.</strong></span> 
     </span>
     <span class='ocr_line' id='line_1_10' title="bbox 260 1715 671 1783; baseline 0 0"><span class='ocrx_word' id='word_1_42' title='bbox 260 1718 413 1783; x_wconf 87' lang='lat' dir='ltr'><strong>oblivioso</strong></span> <span class='ocrx_word' id='word_1_43' title='bbox 430 1718 513 1783; x_wconf 88' lang='lat' dir='ltr'><strong>levia</strong></span> <span class='ocrx_word' id='word_1_44' title='bbox 530 1715 671 1783; x_wconf 78' lang='lat' dir='ltr'><strong>Massico</strong></span> 
     </span>
     <span class='ocr_line' id='line_1_11' title="bbox 260 1810 799 1897; baseline 0 -22"><span class='ocrx_word' id='word_1_45' title='bbox 260 1811 376 1877; x_wconf 90' lang='lat' dir='ltr'><strong>ciboria</strong></span> <span class='ocrx_word' id='word_1_46' title='bbox 393 1812 498 1897; x_wconf 80' lang='lat' dir='ltr'><strong>exple3</strong></span> <span class='ocrx_word' id='word_1_47' title='bbox 516 1810 614 1875; x_wconf 84' lang='lat' dir='ltr'><strong>funda</strong></span> <span class='ocrx_word' id='word_1_48' title='bbox 631 1810 799 1897; x_wconf 77' lang='lat' dir='ltr'>capacibus</span> 
     </span>
     <span class='ocr_line' id='line_1_12' title="bbox 302 1905 846 1992; baseline 0 -22"><span class='ocrx_word' id='word_1_49' title='bbox 302 1916 463 1992; x_wconf 87' lang='lat' dir='ltr'><strong>unguenta</strong></span> <span class='ocrx_word' id='word_1_50' title='bbox 479 1905 520 1970; x_wconf 89' lang='lat' dir='ltr'><strong>de</strong></span> <span class='ocrx_word' id='word_1_51' title='bbox 537 1905 674 1971; x_wconf 84' lang='lat' dir='ltr'><strong>conchis.</strong></span> <span class='ocrx_word' id='word_1_52' title='bbox 693 1905 764 1988; x_wconf 87' lang='lat' dir='ltr'><strong>quis</strong></span> <span class='ocrx_word' id='word_1_53' title='bbox 782 1905 846 1970; x_wconf 93' lang='lat' dir='ltr'><strong>udo</strong></span> 
     </span>
     <span class='ocr_line' id='line_1_13' title="bbox 336 2000 789 2085; baseline 0 -22"><span class='ocrx_word' id='word_1_54' title='bbox 336 2001 550 2085; x_wconf 65' lang='lat' dir='ltr'><strong>‚deproperare</strong></span> <span class='ocrx_word' id='word_1_55' title='bbox 568 2000 640 2084; x_wconf 92' lang='lat' dir='ltr'><strong>apio</strong></span> <span class='ocrx_word' id='word_1_56' title='bbox 658 2021 789 2065; x_wconf 88' lang='lat' dir='ltr'><strong>coronas</strong></span> 
     </span>
    </p>
   </div>
   <div class='ocr_carea' id='block_1_5' title="bbox 259 2134 932 2481">
    <p class='ocr_par' dir='ltr' id='par_1_5' title="bbox 259 2134 932 2481">
     <span class='ocr_line' id='line_1_14' title="bbox 259 2134 932 2220; baseline 0 -20"><span class='ocrx_word' id='word_1_57' title='bbox 259 2144 386 2200; x_wconf 82' lang='lat' dir='ltr'><strong>curatve</strong></span> <span class='ocrx_word' id='word_1_58' title='bbox 403 2135 524 2220; x_wconf 78' lang='lat' dir='ltr'><strong>myrto?</strong></span> <span class='ocrx_word' id='word_1_59' title='bbox 541 2157 636 2219; x_wconf 90' lang='lat' dir='ltr'><strong>quem</strong></span> <span class='ocrx_word' id='word_1_60' title='bbox 654 2135 764 2200; x_wconf 92' lang='lat' dir='ltr'><strong>Venus</strong></span> <span class='ocrx_word' id='word_1_61' title='bbox 782 2134 932 2200; x_wconf 89' lang='lat' dir='ltr'><strong>arbitrum</strong></span> 
     </span>
     <span class='ocr_line' id='line_1_15' title="bbox 260 2228 787 2316; baseline 0 -23"><span class='ocrx_word' id='word_1_62' title='bbox 260 2229 342 2293; x_wconf 89' lang='lat' dir='ltr'><strong>dicet</strong></span> <span class='ocrx_word' id='word_1_63' title='bbox 358 2228 504 2293; x_wconf 78' lang='lat' dir='ltr'><strong>bibendi?</strong></span> <span class='ocrx_word' id='word_1_64' title='bbox 520 2251 585 2295; x_wconf 92' lang='lat' dir='ltr'><strong>non</strong></span> <span class='ocrx_word' id='word_1_65' title='bbox 602 2250 662 2316; x_wconf 86' lang='lat' dir='ltr'><strong>ego</strong></span> <span class='ocrx_word' id='word_1_66' title='bbox 681 2229 787 2294; x_wconf 90' lang='lat' dir='ltr'><strong>sanius</strong></span> 
     </span>
     <span class='ocr_line' id='line_1_16' title="bbox 300 2321 775 2409; baseline 0 -22"><span class='ocrx_word' id='word_1_67' title='bbox 300 2321 477 2387; x_wconf 81' lang='lat' dir='ltr'><strong>bacchabor</strong></span> <span class='ocrx_word' id='word_1_68' title='bbox 493 2322 631 2387; x_wconf 81' lang='lat' dir='ltr'><strong>Edonis:</strong></span> <span class='ocrx_word' id='word_1_69' title='bbox 648 2332 775 2409; x_wconf 91' lang='lat' dir='ltr'><strong>recepto</strong></span> 
     </span>
     <span class='ocr_line' id='line_1_17' title="bbox 344 2415 845 2481; baseline 0.004 -2"><span class='ocrx_word' id='word_1_70' title='bbox 344 2415 435 2479; x_wconf 85' lang='lat' dir='ltr'><strong>dulce</strong></span> <span class='ocrx_word' id='word_1_71' title='bbox 453 2415 530 2479; x_wconf 94' lang='lat' dir='ltr'><strong>mihi</strong></span> <span class='ocrx_word' id='word_1_72' title='bbox 547 2415 651 2481; x_wconf 84' lang='lat' dir='ltr'><strong>furere</strong></span> <span class='ocrx_word' id='word_1_73' title='bbox 669 2426 718 2481; x_wconf 91' lang='lat' dir='ltr'><strong>est</strong></span> <span class='ocrx_word' id='word_1_74' title='bbox 735 2415 845 2481; x_wconf 90' lang='lat' dir='ltr'><strong>amico.</strong></span> 
     </span>
    </p>
   </div>
   <div class='ocr_carea' id='block_1_6' title="bbox 445 2609 757 2703">
    <p class='ocr_par' dir='ltr' id='par_1_6' title="bbox 445 2609 757 2703">
     <span class='ocr_line' id='line_1_18' title="bbox 445 2609 757 2703; baseline -0.003 0"><span class='ocrx_word' id='word_1_75' title='bbox 445 2609 643 2703; x_wconf 71' lang='lat' dir='ltr'><strong>clausu</strong></span> <span class='ocrx_word' id='word_1_76' title='bbox 664 2643 757 2703; x_wconf 86' lang='lat' dir='ltr'><strong>vm.</strong></span> 
     </span>
    </p>
   </div>
   <div class='ocr_carea' id='block_1_7' title="bbox 256 2787 867 3185">
    <p class='ocr_par' dir='ltr' id='par_1_7' title="bbox 256 2787 867 3185">
     <span class='ocr_line' id='line_1_19' title="bbox 404 2787 799 2838; baseline 0.003 -3"><span class='ocrx_word' id='word_1_77' title='bbox 404 2787 430 2835; x_wconf 83' lang='lat' dir='ltr'>A</span> <span class='ocrx_word' id='word_1_78' title='bbox 449 2788 473 2836; x_wconf 83' lang='grc' dir='ltr'><strong>Ι)</strong></span> <span class='ocrx_word' id='word_1_79' title='bbox 513 2789 537 2838; x_wconf 89' lang='grc' dir='ltr'>Β</span> <span class='ocrx_word' id='word_1_80' title='bbox 555 2787 581 2837; x_wconf 86' lang='lat' dir='ltr'>A</span> <span class='ocrx_word' id='word_1_81' title='bbox 600 2788 624 2837; x_wconf 80' lang='lat' dir='ltr'><strong>R</strong></span> <span class='ocrx_word' id='word_1_82' title='bbox 642 2788 655 2836; x_wconf 96' lang='lat'>1</span> <span class='ocrx_word' id='word_1_83' title='bbox 673 2788 696 2837; x_wconf 85' lang='lat' dir='ltr'>N</span> <span class='ocrx_word' id='word_1_84' title='bbox 715 2788 739 2837; x_wconf 76' lang='lat' dir='ltr'><strong>Il</strong></span> <span class='ocrx_word' id='word_1_85' title='bbox 758 2787 799 2836; x_wconf 81' lang='lat' dir='ltr'><strong>N.</strong></span> 
     </span>
     <span class='ocr_line' id='line_1_20' title="bbox 259 2910 697 3000; baseline 0.005 -24"><span class='ocrx_word' id='word_1_86' title='bbox 259 2910 335 2976; x_wconf 91' lang='lat' dir='ltr'><strong>Ulla</strong></span> <span class='ocrx_word' id='word_1_87' title='bbox 354 2912 381 2977; x_wconf 92' lang='lat' dir='ltr'><strong>si</strong></span> <span class='ocrx_word' id='word_1_88' title='bbox 398 2913 475 2977; x_wconf 90' lang='lat' dir='ltr'><strong>iuris</strong></span> <span class='ocrx_word' id='word_1_89' title='bbox 494 2911 551 2977; x_wconf 88' lang='lat' dir='ltr'><strong>tibi</strong></span> <span class='ocrx_word' id='word_1_90' title='bbox 568 2913 697 3000; x_wconf 91' lang='lat' dir='ltr'><strong>peierati</strong></span> 
     </span>
     <span class='ocr_line' id='line_1_21' title="bbox 256 3006 867 3091; baseline 0.008 -23"><span class='ocrx_word' id='word_1_91' title='bbox 256 3027 373 3090; x_wconf 89' lang='lat' dir='ltr'><strong>poena,</strong></span> <span class='ocrx_word' id='word_1_92' title='bbox 391 3006 521 3085; x_wconf 89' lang='lat' dir='ltr'><strong>Barine,</strong></span> <span class='ocrx_word' id='word_1_93' title='bbox 540 3007 701 3073; x_wconf 85' lang='lat' dir='ltr'><strong>nocuisset</strong></span> <span class='ocrx_word' id='word_1_94' title='bbox 718 3030 867 3091; x_wconf 91' lang='lat' dir='ltr'><strong>unquam,</strong></span> 
     </span>
     <span class='ocr_line' id='line_1_22' title="bbox 258 3099 761 3185; baseline 0.008 -23"><span class='ocrx_word' id='word_1_95' title='bbox 258 3099 349 3164; x_wconf 90' lang='lat' dir='ltr'><strong>dente</strong></span> <span class='ocrx_word' id='word_1_96' title='bbox 368 3100 396 3164; x_wconf 95' lang='lat' dir='ltr'><strong>si</strong></span> <span class='ocrx_word' id='word_1_97' title='bbox 412 3100 503 3185; x_wconf 83' lang='lat' dir='ltr'><strong>nigro</strong></span> <span class='ocrx_word' id='word_1_98' title='bbox 520 3100 612 3166; x_wconf 89' lang='lat' dir='ltr'><strong>lieres</strong></span> <span class='ocrx_word' id='word_1_99' title='bbox 629 3102 680 3166; x_wconf 89' lang='lat' dir='ltr'><strong>vel</strong></span> <span class='ocrx_word' id='word_1_100' title='bbox 699 3124 761 3166; x_wconf 91' lang='lat' dir='ltr'><strong>uno</strong></span> 
     </span>
    </p>
   </div>
   <div class='ocr_carea' id='block_1_8' title="bbox 258 3193 838 3509">
    <p class='ocr_par' dir='ltr' id='par_1_8' title="bbox 258 3193 838 3509">
     <span class='ocr_line' id='line_1_23' title="bbox 322 3193 567 3280; baseline 0 -22"><span class='ocrx_word' id='word_1_101' title='bbox 322 3193 441 3278; x_wconf 68' lang='lat' dir='ltr'><strong>turpior</strong></span> <span class='ocrx_word' id='word_1_102' title='bbox 458 3194 567 3280; x_wconf 85' lang='lat' dir='ltr'><strong>ungui,</strong></span> 
     </span>
     <span class='ocr_line' id='line_1_24' title="bbox 260 3328 838 3415; baseline 0.007 -25"><span class='ocrx_word' id='word_1_103' title='bbox 260 3328 433 3393; x_wconf 83' lang='lat' dir='ltr'><strong>crederem:</strong></span> <span class='ocrx_word' id='word_1_104' title='bbox 452 3330 509 3394; x_wconf 88' lang='lat' dir='ltr'><strong>sed</strong></span> <span class='ocrx_word' id='word_1_105' title='bbox 526 3340 561 3393; x_wconf 90' lang='lat' dir='ltr'><strong>tu</strong></span> <span class='ocrx_word' id='word_1_106' title='bbox 579 3330 672 3395; x_wconf 89' lang='lat' dir='ltr'><strong>simul</strong></span> <span class='ocrx_word' id='word_1_107' title='bbox 690 3329 838 3415; x_wconf 87' lang='lat' dir='ltr'><strong>obligasti</strong></span> 
     </span>
     <span class='ocr_line' id='line_1_25' title="bbox 258 3420 803 3509; baseline 0.011 -26"><span class='ocrx_word' id='word_1_108' title='bbox 258 3420 411 3505; x_wconf 87' lang='lat' dir='ltr'><strong>perfidum</strong></span> <span class='ocrx_word' id='word_1_109' title='bbox 429 3423 511 3488; x_wconf 86' lang='lat' dir='ltr'><strong>votis</strong></span> <span class='ocrx_word' id='word_1_110' title='bbox 529 3433 638 3509; x_wconf 91' lang='lat' dir='ltr'><strong>caput,</strong></span> <span class='ocrx_word' id='word_1_111' title='bbox 657 3423 803 3489; x_wconf 80' lang='lat' dir='ltr'><strong>enitescis</strong></span> 
     </span>
    </p>
   </div>
   <div class='ocr_carea' id='block_1_9' title="bbox 256 3514 897 3692">
    <p class='ocr_par' dir='ltr' id='par_1_9' title="bbox 256 3514 897 3692">
     <span class='ocr_line' id='line_1_26' title="bbox 256 3514 897 3603; baseline 0.008 -26"><span class='ocrx_word' id='word_1_112' title='bbox 256 3514 414 3598; x_wconf 88' lang='lat' dir='ltr'><strong>pulchrior</strong></span> <span class='ocrx_word' id='word_1_113' title='bbox 429 3515 542 3595; x_wconf 91' lang='lat' dir='ltr'><strong>multo,</strong></span> <span class='ocrx_word' id='word_1_114' title='bbox 561 3518 773 3601; x_wconf 88' lang='lat' dir='ltr'><strong>iuvenumque</strong></span> <span class='ocrx_word' id='word_1_115' title='bbox 790 3518 897 3603; x_wconf 91' lang='lat' dir='ltr'><strong>prodis</strong></span> 
     </span>
     <span class='ocr_line' id='line_1_27' title="bbox 320 3607 548 3692; baseline 0.013 -20"><span class='ocrx_word' id='word_1_116' title='bbox 320 3607 447 3692; x_wconf 88' lang='lat' dir='ltr'><strong>publica</strong></span> <span class='ocrx_word' id='word_1_117' title='bbox 465 3632 548 3675; x_wconf 83' lang='lat' dir='ltr'><strong>cura</strong></span> 
     </span>
    </p>
   </div>
   <div class='ocr_carea' id='block_1_10' title="bbox 256 3744 836 4094">
    <p class='ocr_par' dir='ltr' id='par_1_10' title="bbox 257 3744 789 3834">
     <span class='ocr_line' id='line_1_28' title="bbox 257 3744 789 3834; baseline 0.011 -27"><span class='ocrx_word' id='word_1_118' title='bbox 257 3744 381 3828; x_wconf 83' lang='lat' dir='ltr'><strong>expedit</strong></span> <span class='ocrx_word' id='word_1_119' title='bbox 400 3746 508 3811; x_wconf 86' lang='lat' dir='ltr'><strong>matris</strong></span> <span class='ocrx_word' id='word_1_120' title='bbox 526 3747 646 3812; x_wconf 90' lang='lat' dir='ltr'><strong>cineres</strong></span> <span class='ocrx_word' id='word_1_121' title='bbox 665 3757 789 3834; x_wconf 87' lang='lat' dir='ltr'><strong>opertos</strong></span> 
     </span>
    </p>

    <p class='ocr_par' dir='ltr' id='par_1_11' title="bbox 256 3836 784 3908">
     <span class='ocr_line' id='line_1_29' title="bbox 256 3836 784 3908; baseline 0.011 -9"><span class='ocrx_word' id='word_1_122' title='bbox 256 3836 364 3902; x_wconf 83' lang='lat' dir='ltr'><strong>fallere</strong></span> <span class='ocrx_word' id='word_1_123' title='bbox 382 3848 414 3902; x_wconf 89' lang='lat' dir='ltr'><strong>et</strong></span> <span class='ocrx_word' id='word_1_124' title='bbox 431 3849 496 3905; x_wconf 89' lang='lat' dir='ltr'><strong>toto</strong></span> <span class='ocrx_word' id='word_1_125' title='bbox 514 3840 667 3906; x_wconf 88' lang='lat' dir='ltr'><strong>taciturna</strong></span> <span class='ocrx_word' id='word_1_126' title='bbox 683 3842 784 3908; x_wconf 91' lang='lat' dir='ltr'><strong>noctis</strong></span> 
     </span>
    </p>

    <p class='ocr_par' dir='ltr' id='par_1_12' title="bbox 257 3930 836 4094">
     <span class='ocr_line' id='line_1_30' title="bbox 257 3930 836 4021; baseline 0.009 -26"><span class='ocrx_word' id='word_1_127' title='bbox 257 3930 349 4017; x_wconf 83' lang='lat' dir='ltr'><strong>signa</strong></span> <span class='ocrx_word' id='word_1_128' title='bbox 366 3955 439 3997; x_wconf 91' lang='lat' dir='ltr'><strong>cum</strong></span> <span class='ocrx_word' id='word_1_129' title='bbox 456 3934 543 3999; x_wconf 91' lang='lat' dir='ltr'><strong>caelo</strong></span> <span class='ocrx_word' id='word_1_130' title='bbox 561 3935 728 4021; x_wconf 84' lang='lat' dir='ltr'><strong>gelidaque</strong></span> <span class='ocrx_word' id='word_1_131' title='bbox 745 3937 836 4001; x_wconf 91' lang='lat' dir='ltr'><strong>divos</strong></span> 
     </span>
     <span class='ocr_line' id='line_1_31' title="bbox 320 4036 588 4094; baseline 0.015 -4"><span class='ocrx_word' id='word_1_132' title='bbox 320 4036 419 4092; x_wconf 88' lang='lat' dir='ltr'><strong>morte</strong></span> <span class='ocrx_word' id='word_1_133' title='bbox 437 4040 588 4094; x_wconf 86' lang='lat' dir='ltr'><strong>carentes.</strong></span> 
     </span>
    </p>
   </div>
   <div class='ocr_carea' id='block_1_11' title="bbox 255 4160 939 4511">
    <p class='ocr_par' dir='ltr' id='par_1_13' title="bbox 255 4160 939 4439">
     <span class='ocr_line' id='line_1_32' title="bbox 255 4160 939 4250; baseline 0.004 -26"><span class='ocrx_word' id='word_1_134' title='bbox 255 4160 336 4225; x_wconf 89' lang='lat' dir='ltr'><strong>ridet</strong></span> <span class='ocrx_word' id='word_1_135' title='bbox 353 4162 426 4247; x_wconf 87' lang='lat' dir='ltr'><strong>boc,</strong></span> <span class='ocrx_word' id='word_1_136' title='bbox 445 4163 588 4247; x_wconf 89' lang='lat' dir='ltr'><strong>inquam,</strong></span> <span class='ocrx_word' id='word_1_137' title='bbox 607 4165 717 4229; x_wconf 86' lang='lat' dir='ltr'><strong>Venus</strong></span> <span class='ocrx_word' id='word_1_138' title='bbox 736 4165 819 4250; x_wconf 90' lang='lat' dir='ltr'><strong>ipsa,</strong></span> <span class='ocrx_word' id='word_1_139' title='bbox 838 4164 939 4229; x_wconf 86' lang='lat' dir='ltr'><strong>rident</strong></span> 
     </span>
     <span class='ocr_line' id='line_1_33' title="bbox 256 4254 920 4344; baseline 0.009 -26"><span class='ocrx_word' id='word_1_140' title='bbox 256 4254 414 4340; x_wconf 88' lang='lat' dir='ltr'><strong>simplices</strong></span> <span class='ocrx_word' id='word_1_141' title='bbox 431 4257 611 4344; x_wconf 84' lang='lat' dir='ltr'><strong>Nymphae,</strong></span> <span class='ocrx_word' id='word_1_142' title='bbox 630 4259 716 4324; x_wconf 76' lang='lat' dir='ltr'><strong>fenis</strong></span> <span class='ocrx_word' id='word_1_143' title='bbox 735 4269 766 4323; x_wconf 89' lang='lat' dir='ltr'><strong>et</strong></span> <span class='ocrx_word' id='word_1_144' title='bbox 785 4258 920 4344; x_wconf 85' lang='lat' dir='ltr'><strong>Cupido,</strong></span> 
     </span>
     <span class='ocr_line' id='line_1_34' title="bbox 257 4353 828 4439; baseline 0.007 -26"><span class='ocrx_word' id='word_1_145' title='bbox 257 4371 381 4435; x_wconf 86' lang='lat' dir='ltr'><strong>semper</strong></span> <span class='ocrx_word' id='word_1_146' title='bbox 398 4353 542 4418; x_wconf 83' lang='lat' dir='ltr'><strong>ardentes</strong></span> <span class='ocrx_word' id='word_1_147' title='bbox 561 4376 677 4420; x_wconf 89' lang='lat' dir='ltr'><strong>acuens</strong></span> <span class='ocrx_word' id='word_1_148' title='bbox 696 4353 828 4439; x_wconf 84' lang='lat' dir='ltr'><strong>sagittas</strong></span> 
     </span>
    </p>

    <p class='ocr_par' dir='ltr' id='par_1_14' title="bbox 321 4453 825 4511">
     <span class='ocr_line' id='line_1_35' title="bbox 321 4453 825 4511; baseline 0.008 -2"><span class='ocrx_word' id='word_1_149' title='bbox 321 4455 390 4510; x_wconf 89' lang='lat' dir='ltr'><strong>cote</strong></span> <span class='ocrx_word' id='word_1_150' title='bbox 408 4456 544 4511; x_wconf 87' lang='lat' dir='ltr'><strong>cruenta.</strong></span> <span class='ocrx_word' id='word_1_151' title='bbox 823 4453 825 4457; x_wconf 81' lang='grc'><strong>’</strong></span> 
     </span>
    </p>
   </div>
   <div class='ocr_carea' id='block_1_12' title="bbox 0 0 1618 5442">
    <p class='ocr_par' dir='ltr' id='par_1_15' title="bbox 0 0 1618 5442">
     <span class='ocr_line' id='line_1_36' title="bbox 0 0 1618 5442; baseline 0 4"><span class='ocrx_word' id='word_1_152' title='bbox 0 0 1618 5442; x_wconf 95' lang='lat' dir='ltr'><strong> </strong></span> 
     </span>
    </p>
   </div>
  </div>
 </body>
</html>
