3225 5442
258 684 320 752 188
586 696 620 762 Q.
635 695 801 752 HORATII
814 697 965 756 FLACCI

206 880 239 928 so
256 881 337 922 unus
356 869 390 921 ut
407 879 424 920 e
442 854 548 919 multis
566 855 683 940 populo
702 864 863 938 spectante
880 855 1018 922 referret

256 962 373 1016 emtum
392 949 494 1013 mulus
513 972 638 1033 aprum3
657 949 746 1011 crudi
763 950 942 1033 tumidique
960 952 1115 1030 lavemur,

256 1045 331 1129 quid
349 1046 471 1119 deceat,
491 1041 566 1125 qnid
584 1063 660 1116 non,
680 1041 781 1117 obliti,
801 1040 930 1107 Caerite
950 1066 1026 1109 cera

256 1141 357 1226 digni,
374 1138 540 1223 remigium
558 1138 705 1201 vitiosum
721 1137 898 1203 Ithacensis
919 1139 1023 1217 Ulixi,

256 1234 308 1297 eui
324 1233 426 1317 potior
442 1232 543 1316 patria
560 1231 620 1295 suit
637 1231 801 1295 interdicta
817 1232 980 1317 voluptas.

205 1349 237 1396 65
256 1328 297 1403 si,
316 1326 524 1389 Mimnermus
542 1324 588 1387 uti
605 1333 724 1400 censet,
744 1323 811 1388 sine
829 1348 938 1389 amore
956 1327 1104 1411 iocisque

254 1421 298 1484 nil
316 1430 364 1483 est
380 1418 565 1494 iucundum,
585 1417 673 1481 vivas
691 1418 724 1481 in
741 1440 847 1481 amore
864 1418 1022 1503 iocisque.

254 1513 339 1589 vive,
358 1512 441 1577 vale:
461 1512 488 1575 si
506 1511 582 1595 quid
599 1511 713 1575 novisti
729 1512 844 1577 rectius
862 1511 944 1590 istis,

255 1606 405 1670 candidus
424 1604 560 1690 imperti3
580 1605 700 1681 sinon,
718 1604 767 1669 his
785 1614 874 1669 utere
892 1628 1033 1671 meeum.

597 1803 842 1865 urrerem
862 1806 941 1865 vn.

545 1947 605 1996 AD
633 1946 999 1998 MAECENATEM.
1041 1902 1043 1906 Ι

255 2068 489 2156 Ωυίῃᾳυθᾱίθε
508 2070 564 2136 tibi
580 2072 736 2157 pollicitus
754 2094 804 2136 mc
821 2094 893 2137 rure
912 2073 1060 2140 futurum

256 2165 407 2233 Sextilem
426 2176 525 2231 totum
543 2166 679 2230 mendax
696 2157 864 2231 desideror.
888 2169 978 2250 atqui

254 2262 281 2325 si
299 2283 350 2324 me
368 2261 473 2324 vivere
492 2261 539 2325 vis
558 2283 670 2324 sanum
686 2269 831 2343 reeteque
850 2259 1023 2339 valentem,

253 2377 348 2436 quam
366 2352 442 2416 mihi
460 2353 516 2418 das
535 2375 643 2439 aegro,
662 2353 751 2418 dabis
770 2362 931 2438 aegrotare
949 2354 1090 2434 timenti,

219 2469 235 2514 5
253 2447 438 2523 Maecenas,
458 2447 595 2523 veniam,
615 2448 689 2510 dum
707 2447 785 2511 fieus
802 2447 903 2530 prima
922 2448 1076 2533 calorque

252 2541 482 2625 designatorem
501 2540 627 2604 decorat
643 2540 804 2606 lictoribus
822 2540 911 2617 atris3

252 2635 326 2697 dum
344 2635 450 2719 pueris
468 2634 569 2697 omnis
587 2644 676 2719 pater
693 2644 724 2698 et
741 2635 910 2699 matercula
927 2636 1037 2719 pallet,

252 2727 454 2809 officiosaque
474 2727 623 2791 sedulitas
641 2736 672 2792 et
689 2727 791 2814 opella
809 2727 941 2792 forensis

251 2822 378 2885 adducit
395 2820 499 2884 febres
518 2830 548 2884 et
566 2830 751 2885 testamenta
767 2823 914 2908 resignat.

201 2935 233 2981 10
251 2914 363 2997 quodsi
381 2914 492 2978 bruma
510 2914 598 2979 nives
619 2913 751 2979 Albanis
769 2916 867 2979 illinet
885 2916 979 3001 agria,

251 3009 292 3072 ad
309 3029 393 3070 mare
412 3007 581 3071 descendet
598 3019 685 3071 vates
704 3018 776 3073 tuus
795 3019 826 3073 et
844 3009 904 3089 sibi
920 3021 1030 3094 parcet

250 3111 489 3184 contractusque
506 3101 605 3187 leget3
624 3111 668 3178 te,
688 3101 787 3167 dulcis
806 3103 923 3178 amice,
937 3104 1058 3168 reviset

251 3217 322 3258 cum
340 3193 493 3279 Zephyris
499 3241 507 3270 ,
528 3195 555 3258 si
573 3195 739 3272 concedes,
759 3206 788 3259 et
806 3196 971 3259 hirundine
988 3199 1103 3280 prima.

249 3312 312 3353 non
330 3310 391 3371 quo
410 3309 495 3350 more
513 3288 599 3371 pyris
617 3288 703 3352 vesci
723 3288 858 3354 Calaber
874 3289 962 3353 iubet
979 3291 1111 3377 hospes

201 3405 231 3450 15
250 3394 285 3446 tu
302 3404 352 3445 me
370 3381 474 3445 fecisti
491 3381 688 3465 locupletem.
708 3422 748 3429 —
767 3406 894 3447 vescere
914 3383 1021 3448 sodesl
1042 3425 1086 3433 -

248 3478 311 3540 iam
329 3477 404 3540 satis
424 3486 481 3540 est.
504 3516 545 3523 —
564 3487 596 3541 at
614 3487 647 3541 tu
666 3488 817 3561 quantum
835 3479 883 3543 vis
901 3478 984 3542 tolle.
1008 3518 1051 3526 —
1072 3481 1217 3569 benigne.
1239 3521 1271 3529 -

248 3593 311 3634 non
329 3570 430 3633 invisa
447 3570 529 3633 feres
547 3572 652 3654 pueris
670 3572 857 3636 munuscula
873 3573 989 3659 parvis.
1009 3612 1052 3619 --

249 3675 312 3727 tam
331 3674 438 3727 teneor
455 3664 537 3728 dono
555 3687 650 3747 quam
669 3666 696 3730 si
714 3666 851 3730 dimittar
869 3675 1010 3731 onustus.
1030 3705 1074 3715 —-

248 3767 283 3820 ut
300 3756 389 3833 libet3
408 3757 486 3821 haec
502 3758 605 3841 porcis
624 3758 717 3823 hodie
736 3760 928 3823 comedenda
945 3760 1107 3843 relinquis.
1127 3802 1170 3810 -

197 3870 230 3917 20
247 3851 397 3936 prodigus
417 3861 447 3914 et
466 3851 579 3915 stultus
598 3851 695 3916 donat
711 3874 792 3935 quae
811 3852 929 3937 spernit
947 3862 978 3916 et
996 3854 1076 3930 odit3

247 3945 325 4008 haec
343 3966 434 4031 seges
453 3944 591 4030 ingratos
611 3946 680 4009 tulit
699 3955 728 4009 et
747 3946 826 4010 feret
844 3945 988 4009 omnibus
1005 3948 1109 4035 annis.
1134 3987 1136 3989 -

247 4040 412 4104 virbonus
432 4050 462 4103 et
481 4040 604 4125 sapiens
624 4040 727 4125 dignis
746 4040 789 4103 ait
803 4046 877 4104 'esse
896 4050 1040 4124 paratus3

246 4154 303 4196 nec
322 4143 426 4196 tamen
443 4133 579 4218 ignorat,
598 4133 674 4216 quid
691 4133 806 4196 distent
824 4155 896 4196 aera
913 4132 1039 4217 lupinis.

247 4226 377 4310 dignum
394 4225 561 4311 praestabo
579 4250 629 4290 me
648 4227 741 4291 etiam
758 4249 816 4311 pro
834 4226 926 4290 laude
944 4227 1104 4291 merentis.

196 4336 227 4384 25
246 4320 357 4400 quodsi
375 4343 424 4383 me
443 4321 529 4385 noles
548 4342 681 4403 usquam
699 4321 873 4397 discedere,
891 4320 1003 4384 reddes

247 4410 327 4473 forte
345 4412 442 4488 latus,
460 4413 567 4497 nigros
586 4425 719 4499 angusta
738 4414 840 4478 fronte
858 4414 987 4497 capillos
993 4438 1002 4492 ;

245 4501 356 4564 reddes
375 4504 465 4568 dulce
483 4504 582 4587 loqui;
601 4509 713 4573 reddes
730 4510 831 4572 ridere
850 4506 996 4571 decorum
1016 4519 1046 4572 et
