3225 5442
529 720 756 780 SATIRARUM
773 723 848 779 LIB.
862 725 899 781 II.

192 903 378 969 expugnare
396 890 499 966 eaput.
519 879 634 945 scribet
651 880 734 946 mala
752 880 890 945 earmina
908 903 1031 947 vecors:

192 977 333 1042 laudato.
353 984 505 1041 scortator
522 975 593 1039 erit:
613 997 689 1040 eave
707 986 738 1039 te
755 985 861 1062 roget;
879 976 960 1041 ultro

192 1070 388 1155 Penelopam
407 1069 508 1134 facilis
525 1069 638 1154 potiori
656 1069 753 1133 trade.
773 1108 815 1117 -
833 1079 976 1154 putasne,

192 1164 325 1252 perduci
342 1163 456 1249 poterit
473 1172 538 1227 tam
555 1163 640 1249 frugi
658 1174 783 1247 tamque
800 1164 925 1249 pudica,

192 1281 292 1343 quam
308 1257 457 1341 nequiere
473 1257 562 1342 proci
578 1267 664 1322 recto
682 1257 838 1343 depellere
857 1259 971 1323 eursu?
988 1298 1029 1305 —

193 1353 283 1417 venit
300 1353 397 1428 enim,
416 1374 567 1438 magnum
585 1352 722 1416 donandi
739 1375 848 1438 parea,
867 1352 1023 1429 iuventus,

192 1468 255 1512 nee
272 1456 392 1510 tantum
411 1444 544 1511 Veneris
562 1457 714 1529 qnantum
734 1447 875 1512 studiosa
893 1448 1023 1513 culinae.

194 1541 243 1605 sie
261 1540 317 1605 tibi
333 1540 493 1626 Penelope
510 1540 596 1627 frugi
613 1550 674 1606 est:
693 1563 775 1625 quae
793 1542 821 1606 si
839 1542 936 1606 semel
954 1566 1017 1607 uno

193 1635 236 1699 de
255 1656 328 1699 sene
346 1634 493 1721 gustarit,
511 1643 616 1699 tecum
632 1635 747 1721 partita
764 1635 921 1713 lucellum,

192 1738 231 1793 ut
249 1728 335 1793 oanis
353 1752 373 1792 a
390 1728 474 1793 eorio
491 1750 653 1812 nunquam
670 1728 896 1795 absterrebitur
913 1740 1016 1795 uncto.

193 1844 247 1887 me
266 1845 341 1887 sene
358 1823 444 1907 quod
461 1822 564 1887 dicam
582 1822 701 1888 factum
719 1833 777 1888 est.
796 1847 875 1889 anus
893 1823 1037 1910 improba
1055 1824 1174 1890 Thebis

194 1938 237 1980 ex
255 1925 440 1982 testamento
459 1916 505 1981 sie
523 1925 571 1982 est
589 1917 684 1983 elata:
703 1919 838 1982 cadaver

194 2020 326 2076 unctum
344 2010 412 2074 oleo
430 2009 518 2097 largo
536 2011 630 2075 nudis
647 2011 786 2077 humeris
805 2012 876 2076 tulit
893 2012 994 2091 heres,

194 2104 315 2170 scilieet
333 2103 415 2169 elabi
433 2104 461 2169 si
477 2114 585 2190 posset
603 2115 740 2185 mortua3
759 2106 862 2183 oredo,

193 2199 281 2283 quod
298 2199 429 2264 nimium
446 2199 601 2265 institerat
619 2200 744 2266 viventi.
764 2211 875 2266 cautus
894 2202 988 2281 adito,
1011 2230 1021 2244 .

193 2316 258 2357 neu
276 2293 360 2359 desis
379 2315 506 2379 operae,
524 2316 603 2359 neve
621 2294 844 2360 immoderatus
863 2295 1014 2362 abundes.

194 2387 357 2451 difficilem
374 2397 406 2451 et
423 2408 582 2452 morosum
601 2388 742 2455 offendes
760 2390 919 2475 garrulus3
938 2390 1021 2456 ultra

194 2504 261 2545 non
278 2481 371 2546 etiam
390 2481 493 2546 sileas.
510 2482 624 2549 Davus
643 2483 687 2548 sis
706 2484 859 2561 comicus,
879 2494 973 2569 atque

196 2584 261 2640 stes
280 2575 381 2661 eapite
398 2574 536 2661 obstipo,
555 2576 689 2641 multum
708 2578 818 2643 similis
836 2580 999 2643 metuenti.

196 2668 348 2752 obsequio
366 2692 526 2757 grassare3
543 2694 650 2749 mone,
671 2672 698 2737 si
715 2671 870 2737 increbuit
887 2697 973 2751 aura,

196 2773 308 2827 cautus
326 2764 372 2827 uti
389 2764 472 2829 velet
489 2786 597 2829 carum
615 2774 722 2851 eaput3
741 2766 869 2831 extrahe
887 2766 979 2832 turba

196 2857 348 2942 oppositis
366 2858 519 2938 humeris;
538 2881 646 2923 aurem
664 2858 844 2946 substringe
862 2861 995 2944 loquaci.

195 2952 394 3035 importunus
412 2962 496 3017 amat
513 2952 648 3017 laudari:
667 2954 767 3019 donec
786 2952 859 3020 Ohe
878 2954 955 3019 iaml

196 3045 240 3109 ad
257 3044 379 3110 eaelum
395 3046 541 3111 manibus
560 3045 691 3113 sublatis
710 3048 837 3125 dixerit,
856 3070 950 3134 urge,
969 3058 1001 3112 et

197 3148 390 3204 crescentem
408 3140 537 3205 tumidis
545 3140 628 3205 ‘infla
646 3141 843 3207 sermonibus
862 3150 973 3206 utrem.

196 3254 297 3316 quum
314 3243 345 3298 te
363 3234 488 3299 servitio
505 3234 601 3321 longo
619 3257 756 3319 curaque
773 3236 894 3313 levarit,

198 3335 368 3392 etcertum
383 3327 533 3414 vigilans,
553 3328 692 3410 Quartae
710 3340 777 3394 esto
795 3330 893 3415 partis
911 3328 1034 3406 Ulixes,

197 3421 350 3499 audieris,
368 3422 474 3486 heres:
492 3422 582 3511 Ergo
599 3446 684 3488 nune
700 3423 809 3488 Dama
827 3423 944 3488 sodalis

197 3538 354 3599 nusquam
373 3516 440 3579 ost?
456 3511 634 3583 uude'mihi
652 3528 717 3582 tam
734 3518 847 3582 fortem
865 3527 992 3601 tamque
1010 3516 1154 3580 fidelem?

199 3632 313 3695 sparge
332 3609 478 3688 subinde3
496 3619 542 3689 et,
561 3611 588 3676 si
604 3611 746 3697 paullum
763 3621 868 3697 potes,
887 3600 1081 3676 illacrimare.
1100 3620 1148 3673 ost

198 3704 315 3791 gaudia
332 3704 516 3789 prodentem
533 3705 655 3770 vultum
674 3705 783 3770 celare.
804 3706 993 3791 sepulerum,

198 3798 388 3884 permissum
406 3797 546 3876 arbitrio,
567 3799 634 3863 sine
653 3798 797 3864 sordibus
817 3810 958 3878 exstrue,
976 3799 1072 3864 funus
1134 3805 1137 3811 “

199 3893 327 3979 egregie
344 3892 464 3958 factum
480 3892 587 3958 laudet
604 3894 728 3959 vicinia.
748 3894 775 3959 si
793 3894 866 3977 quis

198 3989 280 4053 forte
298 3986 488 4052 coheredum
505 3987 609 4052 senior
626 3987 707 4052 male
725 3988 851 4065 tussiet,
869 3988 943 4052 huie
961 3996 995 4050 tu

199 4082 264 4159 dio,
284 4104 324 4146 ex
340 4090 430 4167 parte
447 4091 515 4160 tua,
535 4104 591 4147 seu
608 4082 699 4146 fundi
717 4082 784 4147 sive
802 4082 915 4146 domus
934 4080 975 4143 sit

200 4187 313 4253 emtor,
332 4174 522 4263 gaudentem
540 4199 669 4240 nummo
687 4185 718 4240 te
736 4175 890 4239 addieero.
910 4172 966 4238 sed
984 4195 1036 4236 me

200 4271 369 4356 imperiosa
386 4270 481 4336 trahit
497 4269 686 4357 Proserpina
691 4295 701 4349 3
719 4269 790 4333 vive
808 4268 949 4351 valeque.
