3225 5442
449 717 657 775 CARMINUM
673 716 747 771 LIB.
761 717 799 771 ΙΙ.

387 1222 429 1298 Q.
451 1220 663 1282 noanon
684 1219 863 1281 renem

256 1411 987 1535 oARMINUM

419 1648 555 1704 LIBER
578 1645 823 1702 SECUNDUS.

494 1912 694 1973 GARMEN
715 1913 745 1971 Ι.

359 2058 411 2107 nn
432 2057 465 2105 c.
484 2056 641 2106 Asruruu
659 2054 887 2105 ronnrounu.

277 2182 403 2247 Motum
421 2204 461 2245 ex
478 2179 609 2245 Metello
628 2181 756 2252 consule
775 2180 909 2245 civicum

277 2276 413 2359 bellique
431 2297 561 2339 caussas
580 2285 612 2339 et
629 2275 704 2338 vitia
722 2284 753 2339 et
770 2275 882 2339 modos

319 2371 490 2453 ludumque
508 2369 667 2434 Fortunae
684 2391 861 2455 gravesque

363 2463 540 2547 principum
557 2462 710 2528 amicitias
729 2472 760 2527 et
778 2486 865 2527 arma

278 2583 416 2647 nondum
434 2581 567 2667 expietis
585 2592 680 2646 uncta
698 2582 870 2658 cruoribus,

277 2676 471 2761 periculosae
488 2675 616 2759 plenum
635 2698 714 2760 opus
733 2675 829 2752 aleae,

319 2779 448 2847 tractas,
467 2778 499 2832 ct
515 2769 635 2833 incedis
653 2791 710 2854 per
727 2770 817 2855 ignes

362 2862 541 2949 suppositos
560 2863 657 2927 cineri
675 2863 794 2928 doloso.

275 2986 415 3072 paullum
433 3008 560 3051 severae
578 2984 676 3050 Musa
692 2986 873 3073 tragoediae

276 3081 356 3145 desit
372 3079 517 3145 theatris:
535 3102 623 3156 mox,
642 3079 697 3144 ubi
715 3079 858 3164 publicas
951 3134 955 3143 .

229 3206 232 3212 ·
316 3196 367 3238 res
386 3174 552 3251 ordinaris,
570 3175 689 3260 grande
706 3196 834 3265 munus¹

362 3267 516 3353 Cecropio
533 3278 656 3353 repetes
675 3267 837 3344 cothurno,

273 3378 396 3463 insigne
414 3368 543 3441 maestis
561 3378 753 3462 praesidium
769 3376 842 3453 reis,

274 3481 306 3535 et
324 3471 512 3548 consulenti,
530 3470 648 3549 Pollio,
668 3472 781 3547 euriae,

317 3566 368 3628 cui
385 3564 491 3629 laurus
511 3575 653 3630 aeternos
673 3566 807 3630 honores

359 3659 539 3724 Dalmatico
556 3660 678 3744 peperit
695 3659 863 3744 triumpho.

275 3768 336 3832 iam
355 3791 438 3833 nunc
456 3768 571 3832 minaci
588 3791 747 3833 murmure
766 3790 918 3833 cornuum

273 3862 458 3948 perstringis
477 3884 583 3940 aures3
601 3863 666 3926 iam
683 3863 752 3926 litui
770 3872 927 3946 strepunt;

315 3956 378 4019 iam
396 3955 501 4040 fulgor
518 3944 675 4019 armorum
693 3957 824 4042 fugaces

359 4058 452 4113 terret
469 4072 567 4133 equos
585 4051 787 4133 equitumque
804 4049 921 4112 vultus.

273 4162 380 4226 audire
397 4183 530 4247 magnos
547 4162 611 4226 iam
628 4162 736 4227 videor
754 4162 850 4225 duces

273 4278 336 4320 non
353 4256 500 4320 indecoro
517 4257 646 4340 pulvere
665 4255 818 4332 sordidos,

316 4361 348 4414 et
365 4360 477 4415 cuncta
494 4361 645 4415 terrarum
664 4349 795 4414 subacta

358 4455 481 4528 praeter
498 4455 633 4509 atrocem
653 4444 790 4509 animum
811 4442 950 4513 Catonis.
