3225 5442
308 708 369 773 116

638 716 848 785 Q.fl0RAT11
860 716 1000 773 nuncet

664 984 864 1045 CARMEN
885 984 979 1044 XIV.

616 1129 673 1177 nn
700 1126 1022 1177 unucnnnrnn.

389 1256 498 1321 Mollis
516 1255 627 1319 inertia
644 1277 700 1318 cur
717 1262 836 1318 tantam
853 1252 1016 1317 diffuderit
1032 1254 1107 1319 imis

431 1350 619 1414 oblivionem
638 1348 792 1424 sensibus,

388 1443 500 1530 pocula
518 1443 678 1508 Lethaeos
695 1451 731 1506 ut
749 1442 775 1506 si
794 1440 939 1505 ducentia
957 1464 1087 1508 somnos

433 1547 538 1602 arente
557 1536 648 1601 fauce
667 1535 823 1611 traxerim,

389 1632 520 1696 candide
537 1630 722 1708 Maecenas,
741 1629 858 1694 occidis
877 1650 971 1714 saepe
988 1631 1146 1715 rogando:

432 1726 524 1802 deus,
544 1725 621 1789 deus
639 1746 713 1788 nam
730 1746 781 1787 me
799 1732 885 1787 vetat

390 1819 530 1903 inceptos
548 1817 636 1894 olim,
654 1817 846 1903 promissum
864 1838 1004 1893 carmen,
1023 1817 1147 1883 iambos

432 1913 474 1975 ad
491 1911 674 1977 umbilicum
692 1910 857 1975 adducere.

388 2029 451 2071 non
469 2006 558 2070 aliter
577 2004 686 2070 Samio
704 2005 812 2069 dicunt
830 2004 946 2070 arsisse
962 2003 1114 2090 Bathyllo

432 2099 635 2165 Anacreonta
653 2099 776 2176 Teium,

388 2195 442 2277 qui
458 2216 609 2279 persaepe
628 2216 706 2258 cava
723 2194 880 2258 testudine
897 2193 984 2257 flevit
1001 2216 1143 2258 amorem
1168 2243 1171 2250 .

430 2312 493 2353 non
512 2288 705 2353 elaboratum
723 2289 764 2353 ad
780 2289 904 2374 pedem.

388 2384 487 2450 ureris
504 2384 573 2468 ipse
591 2383 701 2448 miser!
720 2383 834 2467 quodsi
851 2405 914 2447 non
931 2381 1092 2468 pulchrior
1109 2383 1192 2469 ignis
1245 2382 1248 2388 ’

432 2478 575 2542 accendit
592 2477 755 2542 obsessam
773 2477 865 2552 Ilion,

388 2572 491 2660 gaude
510 2582 592 2636 sorte
611 2580 680 2649 tua;
697 2593 748 2634 me
765 2570 924 2648 libertina,
942 2592 1045 2653 neque
1064 2592 1129 2635 uno

431 2675 590 2744 contenta,
609 2665 737 2751 Phryne
755 2674 901 2730 macerat.

672 2945 967 3006 CARMENXV.

613 3100 682 3148 AD
719 3098 1021 3148 NEAERAM.

385 3233 458 3298 Nox
476 3243 555 3311 erat,
575 3242 606 3297 et
624 3233 710 3299 caelo
728 3232 871 3319 fulgebat
888 3232 963 3297 luna
982 3254 1093 3298 sereno
1192 3306 1195 3314 ¹

429 3328 510 3392 inter
527 3328 648 3392 minora
666 3328 778 3404 sidera,

387 3444 460 3486 cum
477 3431 525 3498 tu,
544 3444 729 3507 magnorum
747 3445 864 3486 numen
880 3422 1005 3486 laesura
1022 3421 1163 3497 deorum,

428 3516 462 3579 in
479 3514 576 3581 verba
593 3516 718 3581 iurabas
736 3538 817 3593 mea,

387 3609 501 3674 arctius
520 3620 613 3693 atque
630 3609 748 3675 hedera
764 3632 894 3695 procera
912 3609 1116 3695 adstringitur
1132 3610 1194 3673 ilex

428 3704 520 3769 lentis
539 3705 712 3769 adhaerens
730 3705 881 3769 brachiis:

388 3798 483 3876 „dum
499 3800 606 3882 pecori
623 3798 717 3883 lupus
735 3809 767 3864 et
783 3799 887 3863 nautis
904 3798 1038 3862 infestus
1058 3794 1160 3863 Orion

429 3891 569 3956 turbaret
585 3892 752 3957 hibernum
769 3915 865 3969 mare,

385 3984 589 4068 intonsosque
606 3986 739 4071 agitaret
757 3985 914 4072 Apollinis
934 4008 1010 4049 aura
1027 3983 1166 4070 capillos,

427 4079 495 4144 fore
513 4080 596 4144 hunc
615 4102 752 4144 amorem
769 4082 944 4144 mutuum.“

386 4195 405 4238 0
423 4173 557 4238 dolitura
575 4197 645 4238 mea
662 4174 796 4237 multum
813 4174 928 4237 virtute
946 4170 1082 4237 Neaera!

427 4292 500 4331 nam
519 4269 546 4333 si
563 4268 640 4352 quid
656 4269 690 4332 in
707 4269 822 4333 Flacco
841 4268 899 4332 viri
918 4276 975 4343 est,

385 4383 448 4424 non
465 4361 545 4426 feret
562 4363 706 4427 assiduas
724 4362 838 4448 potiori
856 4371 886 4426 te
904 4361 979 4426 dare
996 4369 1115 4437 noctes,

428 4463 458 4517 et
476 4464 604 4537 quaeret
621 4456 718 4520 iratus
736 4479 858 4541 parem:
