3225 5442
505 725 781 803 nersrouaauu
797 728 872 783 mn.
887 729 909 783 1.

542 991 788 1053 EPISTOLA
810 994 870 1053 IV.

453 1135 510 1183 An
534 1136 700 1185 Annium
724 1136 963 1188 rrnunnuu.

190 1261 284 1338 Albi,
302 1270 480 1325 nostrorum
499 1281 678 1323 sermonum
697 1261 829 1325 candide
846 1262 951 1337 iudex,

190 1356 269 1439 quid
286 1376 370 1418 nunc
388 1363 418 1417 te
436 1354 539 1417 dicam
557 1353 661 1418 facere
680 1353 713 1417 in
730 1356 858 1440 regione
876 1355 1025 1420 Pedana?

191 1449 327 1515 scribere
345 1448 430 1531 quod
450 1446 544 1511 Cassi
562 1446 743 1513 Parmensis
762 1450 914 1533 opuscula
932 1450 1045 1526 vincat,

191 1566 233 1607 an
251 1542 379 1605 tacitum
398 1540 493 1605 silvas
512 1541 593 1604 inter
609 1550 731 1626 reptare
750 1542 901 1620 salubres,

191 1644 353 1701 curantem
371 1634 523 1718 quidquid
541 1634 672 1720 dignum
691 1636 830 1721 sapiente
848 1635 994 1720 bonoque
1012 1638 1078 1700 est?

190 1753 257 1795 non
274 1740 309 1793 tu
326 1752 439 1814 corpus
458 1751 526 1793 eras
546 1729 612 1793 sine
629 1739 769 1814 pectore:
788 1733 820 1795 di
839 1732 895 1796 tibi
912 1732 1054 1807 formam,

191 1824 226 1887 di
244 1824 300 1888 tibi
317 1824 441 1888 divitias
460 1824 613 1887 dederunt
631 1834 791 1908 artemque
810 1825 943 1890 fruendi.

191 1917 269 2002 quid
286 1926 400 1982 voveat
418 1916 503 1981 dulci
520 1918 675 1982 nutricula
691 1919 793 1983 maius
812 1919 948 1996 alumno,

191 2012 248 2095 qui
266 2034 375 2097 sapere
393 2021 424 2075 et
442 2011 502 2076 fari
518 2012 620 2096 possit
636 2034 718 2094 quae
737 2012 863 2090 sentiat,
883 2023 914 2077 ct
931 2014 983 2078 cui

191 2105 306 2191 gratia,
325 2105 424 2182 sama,
443 2104 591 2169 valetudo
609 2106 770 2191 contingat
787 2105 922 2183 abunde,

192 2211 224 2263 et
241 2199 378 2263 mundus
396 2199 513 2276 victus,
532 2222 595 2263 non
612 2199 775 2263 deficiente
794 2200 961 2264 crumena?

191 2293 274 2357 inter
292 2315 379 2379 spem
398 2313 580 2375 curamque,
600 2293 727 2357 timores
745 2294 825 2357 inter
843 2303 874 2358 et
890 2293 953 2358 iras

192 2408 319 2450 omnem
337 2386 428 2449 crede
446 2385 530 2449 diem
547 2385 605 2451 tibi
622 2386 773 2450 diluxisse
790 2409 987 2471 supremum:

191 2488 283 2565 grata
300 2479 498 2564 superveniet
516 2501 596 2563 quae
613 2501 678 2543 non
696 2479 870 2565 sperabitur
887 2480 974 2545 hora.

192 2596 245 2638 me
261 2573 411 2658 pinguem
429 2582 460 2637 et
477 2574 610 2638 nitidum
628 2574 708 2640 bene
726 2584 834 2639 curata
851 2585 921 2639 oute
940 2574 1033 2652 vises,

192 2688 291 2750 quum
308 2668 409 2732 ridere
428 2668 514 2733 voles
531 2668 663 2753 Epicuri
681 2669 720 2734 de
737 2691 834 2756 grege
851 2691 991 2756 porcum.

557 2869 801 2930 EPISTOLA
822 2871 865 2930 V.

488 3012 551 3061 an
584 3012 936 3073 ronouaruu.

193 3132 233 3199 Si
250 3145 339 3221 potes
357 3134 522 3202 Archiacis
540 3138 674 3202 conviva
690 3137 872 3202 recumbere
889 3136 978 3201 lectis

192 3251 252 3293 nec
269 3230 393 3294 modica
410 3252 542 3295 coenare
560 3230 653 3295 times
671 3231 743 3296 olus
760 3253 852 3295 omne
869 3229 996 3316 patella,

194 3345 341 3407 supremo
359 3332 389 3387 te
408 3324 473 3388 sole
491 3324 590 3401 domi,
610 3325 783 3408 Torquate,
802 3324 945 3389 manebo.

193 3416 268 3479 vina
285 3414 373 3480 bibes
392 3416 504 3481 iterum
523 3418 629 3482 Tauro
647 3418 764 3482 diffusa
781 3419 937 3503 palustres

192 3510 275 3573 inter
290 3507 469 3576 Minturnas
489 3509 781 3596 Sinuessanumque
798 3510 971 3575 Petrinum.

195 3603 223 3666 si
240 3603 352 3668 melius
370 3605 447 3686 quid
464 3604 576 3683 habes,
595 3628 733 3684 arcesse,
752 3606 802 3671 vel
820 3605 984 3691 imperium
1003 3603 1063 3668 sor:

193 3696 377 3761 iamdudum
396 3698 539 3783 splendet
556 3700 647 3764 focus
665 3711 697 3765 et
714 3699 770 3765 tibi
788 3701 906 3764 munda
923 3698 1073 3785 supellex.

193 3789 284 3853 mitte
301 3791 387 3857 leves
406 3815 479 3878 spes
498 3803 529 3858 et
546 3794 717 3859 certamina
734 3796 912 3859 divitiarum

194 3893 226 3947 et
243 3884 371 3950 Moschi
389 3908 549 3951 caussam:
568 3909 636 3952 cras
654 3898 728 3952 nato
747 3887 885 3953 Caesare
903 3888 1003 3951 festus

194 3976 249 4041 dat
267 3978 391 4043 veniam
410 4002 617 4064 somnumque
635 3981 717 4060 dies3
734 3981 863 4066 impune
880 3979 986 4044 licebit

195 4069 349 4135 aestivam
367 4096 509 4138 sermone
526 4074 664 4161 benigno
682 4075 809 4139 tendere
826 4082 959 4137 noctem.

195 4185 259 4247 quo
276 4166 354 4230 mihi
370 4167 542 4246 fortunam,
562 4169 670 4233 sinon
687 4168 867 4233 conceditur
882 4165 948 4230 uti?

194 4280 309 4342 parcus
327 4259 368 4325 ob
386 4261 510 4327 heredis
529 4284 636 4328 curam
653 4262 847 4344 nimiumque
865 4281 992 4324 severus

195 4351 319 4416 adsidet
336 4354 461 4419 insano:
479 4366 589 4442 potare
608 4366 639 4421 et
657 4378 804 4443 spargere
822 4354 915 4419 flores

194 4445 357 4532 incipiam,
376 4450 538 4536 patiarque
556 4451 606 4516 vel
623 4450 818 4517 inconsultus
836 4448 953 4514 haberi.

1161 716 1222 782 185
