3225 5442
482 720 688 778 CARMINUM
705 720 779 775 [ΑΒ.
793 723 843 778 IV.
1131 711 1171 777 91

261 881 322 945 ntia
339 901 411 943 enm
428 878 584 963 Nymphis
602 878 798 964 geminisque
818 879 976 945 sororibus
995 881 1089 945 audet
1192 904 1208 949 5

261 974 365 1037 lucere
384 973 468 1036 nuda
486 973 608 1037 ehoros.

261 1067 395 1132 nortalia
412 1089 451 1130 ne
470 1088 592 1152 speres,
610 1076 716 1131 monet
734 1090 834 1131 annus
853 1079 884 1131 et
902 1068 1020 1132 almum

260 1184 332 1246 pune
350 1161 431 1245 rapit
446 1160 524 1225 hora
541 1161 633 1225 diem.

260 1320 326 1383 gera
343 1297 510 1362 mitescunt
528 1296 697 1382 Zephyris3
717 1320 771 1361 ver
787 1298 917 1382 proterit
934 1308 1048 1374 aestas,

261 1391 424 1467 nteritura,
444 1391 537 1454 simul

259 1485 344 1549 nifer
360 1496 529 1549 autumnus
549 1485 657 1571 fruges
677 1485 834 1561 effuderit,
854 1495 884 1549 et
902 1508 976 1549 mox

259 1603 363 1644 rruma
380 1580 509 1645 recurrit
526 1579 619 1644 iners.

259 1739 323 1779 nna
340 1725 445 1781 tamen
463 1715 580 1780 celeres
597 1724 741 1801 reparant
760 1715 906 1779 caelestia
924 1716 1051 1793 Lunne;

258 1832 323 1886 ros,
341 1809 397 1873 ubi
414 1809 598 1886 decidimus,

258 1904 358 1988 >pius
376 1902 518 1981 Aeneas,
537 1926 600 1989 quo
618 1904 707 1968 dives
725 1903 839 1967 Tullus
858 1912 888 1966 et
908 1902 1028 1978 Ancus,

258 1997 353 2082 pulvis
372 2006 403 2061 et
420 1997 532 2062 umbra
550 2021 669 2062 sumus.

257 2156 277 2198 rs
297 2134 368 2211 soit,
391 2157 433 2197 an
450 2134 597 2198 adiiciant
614 2132 783 2198 hodiernae
801 2133 1095 2197 crastinasummae

257 2250 390 2312 :empore
408 2228 440 2291 di
459 2228 583 2312 superi?

257 2330 320 2385 reta
336 2344 449 2385 manus
467 2322 575 2386 avidas
593 2322 717 2409 fugient
734 2321 872 2399 heredis,
892 2321 992 2386 amieo

257 2437 329 2498 puae
348 2415 470 2479 dederis
488 2416 602 2480 animo.

257 2574 304 2615 1111
323 2552 419 2615 semel
437 2552 589 2617 occideris
607 2562 639 2618 et
656 2553 696 2618 de
714 2562 745 2617 te
763 2552 927 2639 splendida
944 2552 1051 2617 Minos

256 2644 359 2709 feeerit
376 2644 512 2723 arbitria,

256 2762 284 2815 1,
303 2739 476 2821 Torquate,
495 2761 614 2825 genus,
632 2762 695 2803 non
714 2750 744 2805 te
763 2739 924 2817 facundia,
943 2764 1008 2821 non
1025 2749 1055 2805 te

256 2832 390 2896 restituet
406 2832 522 2918 pietas:

256 2968 336 3031 ernis
354 2990 456 3051 neque
475 2969 559 3033 enim
576 2968 713 3033 tenebris
731 2969 838 3033 Diana
854 2970 1004 3055 pudicum

256 3061 360 3126 iberat
377 3062 597 3148 Hippolytum,

256 3177 265 3219 1
281 3155 425 3220 Lethaea
442 3156 526 3220 valet
543 3156 688 3222 Theseus
707 3157 892 3242 abrumpere
911 3178 983 3220 earo

256 3249 374 3312 vincula
391 3248 542 3315 Pirithoo.

503 3475 702 3537 GARMEN
723 3478 815 3537 VIII.

370 3618 421 3666 nn
443 3619 476 3667 c.
495 3619 670 3671 Mnemon
689 3619 942 3671 censeamur.

293 3743 454 3807 Donarem
471 3753 596 3829 pateras
614 3755 764 3831 grataque
783 3746 976 3821 commodus,

293 3836 480 3915 Censorino,
499 3839 578 3903 meis
597 3862 669 3903 aera
688 3840 863 3916 sodalibus;

291 3930 439 3994 donarem
456 3931 610 4016 tripodas,
629 3934 768 4017 praemia
785 3933 913 3996 fortium

292 4020 473 4102 Graiorum,
494 4047 595 4108 neque
615 4036 649 4089 tu
666 4026 803 4111 pessima
822 4047 986 4089 munerum

290 4159 404 4237 ferres,
422 4160 518 4225 divite
536 4184 586 4225 me
605 4162 723 4226 seilicet
741 4162 865 4236 artium,

291 4276 369 4337 quas
388 4264 442 4318 aut
458 4255 645 4321 Parrhasius
663 4256 792 4341 protulit
809 4264 863 4319 aut
882 4252 1013 4338 Scopas,

290 4345 342 4411 hie
360 4371 451 4424 saun,
470 4350 596 4432 liquidis
614 4351 666 4414 ille
685 4348 841 4414 coloribus

291 4442 399 4510 sollers
418 4466 500 4507 nune
517 4443 675 4509 hominem
692 4466 821 4530 ponere,
840 4465 923 4507 nune
941 4443 1043 4505 deum.
