3225 5442
306 690 366 754 118
637 699 670 764 Q.
685 698 849 753 HORATII
862 696 1002 751 FLAGGI

253 881 285 928 25
390 859 445 923 sed
463 858 600 921 iuremus
618 856 651 919 in
668 855 759 920 haec:
779 854 873 918 simul
890 854 961 918 imis
980 877 1060 919 saxa
1077 856 1214 920 renarint

432 951 521 1015 vadis
538 950 655 1026 levata,
674 971 714 1012 ne
732 949 833 1012 redire
851 949 892 1013 sit
909 948 1014 1026 nefas3

389 1068 451 1110 neu
468 1066 620 1109 conversa
637 1043 765 1108 domum
783 1043 891 1128 pigeat
908 1043 982 1106 dare
1000 1044 1113 1121 lintea,
1133 1046 1250 1128 quando

433 1140 540 1203 Padus
559 1138 682 1202 Matina
699 1138 810 1201 laverit
828 1136 1005 1214 cacumina3

390 1235 421 1296 in
439 1256 524 1297 marc
543 1255 598 1297 seu
617 1232 719 1296 celsus
737 1232 924 1317 procurrerit
940 1231 1143 1315 Apenninus,

433 1349 577 1410 novaque
595 1336 734 1389 monstra
752 1325 887 1388 iunxerit
904 1325 1034 1390 libidine

390 1421 486 1484 mirus
505 1444 606 1497 amor,
625 1419 711 1483 iuvet
727 1430 763 1482 ut
781 1420 876 1505 tigres
896 1419 1058 1483 subsidere
1077 1422 1187 1497 cervis,

433 1514 624 1577 adulteretur
641 1523 672 1576 ct
690 1512 835 1577 columba
853 1514 958 1589 mildo,

390 1608 515 1672 credula
533 1630 591 1671 nec
608 1607 706 1670 flavos
725 1607 854 1669 timeant
871 1615 1011 1670 armenta
1028 1607 1148 1685 leones,

434 1713 578 1784 ametque
597 1701 681 1764 salsa
698 1701 777 1764 levis
795 1700 900 1764 hircus
919 1722 1066 1783 aequora.

389 1795 467 1859 hacc
485 1806 516 1859 et
533 1817 613 1877 quac
631 1803 776 1878 poterunt
787 1794 911 1858 reditus
929 1793 1114 1859 abscindere
1133 1796 1235 1859 dulces

433 1912 541 1953 camus
560 1890 661 1953 omnis
680 1898 842 1952 exsecrata
860 1887 969 1951 civitas

390 1993 444 2045 aut
461 2006 533 2066 pars
551 1982 678 2045 indocili
695 1981 804 2045 melior
821 2003 932 2067 grege;
950 1980 1054 2046 mollis
1073 1993 1104 2045 et
1122 2004 1231 2066 exspes

433 2076 603 2139 inominata
619 2075 789 2159 perprimat
806 2074 930 2138 cubilia.

390 2192 461 2244 vos,
480 2169 594 2251 quibus
613 2179 660 2232 est
678 2170 790 2245 virtus,
810 2168 994 2232 muliebrem
1011 2168 1109 2233 tollite
1126 2169 1250 2245 luctum,

432 2263 569 2327 Etrusca
586 2271 709 2347 praeter
718 2257 757 2326 'ct
774 2263 877 2326 volate
895 2261 993 2326 htora.

389 2379 446 2421 nos
465 2366 569 2420 manet
589 2354 738 2421 Oceanus
756 2356 988 2441 circumvagus:
1008 2379 1098 2432 arva,
1117 2355 1210 2421 beata

432 2461 575 2534 petamus
594 2473 682 2527 arva,
701 2450 814 2513 divites
833 2458 864 2513 et
881 2450 1010 2527 insulas,

389 2545 490 2609 reddit
508 2544 563 2608 ubi
581 2543 729 2609 Cererem
747 2544 839 2608 tellus
857 2544 977 2608 inarata
994 2546 1163 2626 quotannis

433 2648 464 2701 et
481 2639 634 2722 imputata
650 2638 739 2702 floret
756 2659 858 2720 usqne
876 2638 976 2715 vinea,

389 2732 543 2816 germinat
561 2741 592 2795 et
608 2754 769 2814 nunquam
787 2731 925 2796 fallentis
944 2742 1058 2795 termes
1077 2732 1190 2811 olivae,

433 2847 584 2907 suamque
603 2825 689 2909 pulla
706 2826 784 2889 ficus
803 2835 893 2889 ornat
910 2824 1067 2902 arborem3

390 2919 483 2982 mella
501 2941 579 2982 cava
596 2930 725 2982 manant
742 2942 782 2983 ex
799 2920 884 2996 ilicc,
903 2912 1062 2983 montibus
1080 2920 1154 2984 altis

432 3012 510 3075 levis
529 3023 674 3096 crepante
691 3013 821 3097 lympha
839 3014 943 3077 desilit
960 3014 1050 3099 pede.

390 3107 452 3170 illic
471 3107 608 3171 iniussae
628 3108 755 3171 veniunt
775 3109 816 3172 ad
833 3109 965 3171 mulctra
983 3108 1131 3191 capellae,

431 3202 587 3284 refertque
605 3210 691 3264 tenta
708 3224 786 3287 grex
804 3203 924 3266 amicus
942 3201 1054 3278 ubera3

389 3316 447 3358 noc
464 3295 660 3379 vespertinus
679 3296 895 3381 circumgemit
911 3318 1003 3359 ursus
1022 3295 1114 3372 ovile,

431 3411 532 3472 neque
549 3390 729 3454 intumescit
746 3390 809 3454 alta
826 3390 941 3474 viperis
959 3390 1083 3453 humus.

388 3482 539 3566 pluraque
557 3484 664 3548 felices
682 3484 879 3548 mirabimur:
898 3494 929 3547 et
945 3506 1047 3565 neque
1064 3483 1161 3569 largis

431 3599 568 3660 aquosus
586 3579 693 3643 Eurus
712 3603 787 3643 arva
804 3581 895 3643 radat
911 3578 1074 3654 imbribus,

388 3670 518 3756 pinguia
535 3695 593 3736 nec
612 3673 702 3737 siccis
720 3684 850 3737 urantur
868 3674 988 3738 semina
1005 3672 1116 3758 glebis,

431 3775 597 3849 utrumque
614 3790 689 3853 rege
707 3777 899 3852 temperante
918 3767 1074 3830 caelitum.

388 3881 452 3923 non
469 3860 531 3923 huo
548 3860 658 3947 Argoo
676 3862 835 3925 contendit
852 3862 970 3945 remige
987 3859 1090 3944 pinus,

430 3976 531 4037 neque
550 3956 707 4040 impudica
726 3954 854 4020 Colchis
872 3955 975 4018 intulit
991 3954 1121 4038 pedem;

387 4071 452 4112 non
468 4048 530 4113 huc
550 4047 672 4114 Sidonii
689 4058 846 4113 torserunt
863 4071 979 4113 cornua
997 4056 1120 4123 nautae,

430 4142 586 4207 laboriosa
603 4166 662 4207 nec
680 4144 791 4208 cohors
810 4143 927 4208 Ulixei.

387 4237 473 4300 nulla
490 4248 603 4303 nocent
619 4239 724 4323 pecori
743 4239 900 4325 contagia,
919 4236 1035 4301 nullius
1054 4235 1130 4299 astri

430 4352 558 4415 gregem
577 4342 723 4396 aestuosa
741 4341 836 4396 torret
853 4331 1046 4415 impotentia.

390 4421 529 4506 Iuppiter
545 4424 598 4488 illa
616 4426 685 4509 piae
704 4427 837 4491 secrevit
853 4426 945 4490 litora
961 4423 1057 4510 genti,
