3225 5442
428 723 633 779 chnluuuu
651 722 725 777 LIB.
740 723 777 777 ll.

470 995 667 1057 GARMEN
688 996 734 1054 X.

375 1144 427 1191 nn
447 1141 619 1191 nmnuuu
635 1086 834 1191 hunnunm.

260 1268 389 1332 Rectius
408 1266 511 1342 vives,
529 1266 649 1342 Licini,
668 1288 770 1349 neque
788 1266 886 1330 altum

261 1383 383 1448 semper
399 1360 554 1446 urgendo,
573 1381 689 1442 neque,
708 1360 783 1423 dum
800 1361 954 1445 procellas

260 1466 370 1520 cautus
388 1454 557 1530 horrescis,
575 1453 705 1518 nimium
723 1456 894 1539 premendo

323 1550 395 1614 litus
413 1548 564 1631 iniquum.

259 1709 384 1751 auream
402 1685 544 1769 quisquis
563 1684 807 1749 mediocritatem

259 1781 373 1866 diligit,
393 1790 478 1845 tutus
496 1788 581 1843 caret
598 1776 731 1843 obsoleti

260 1874 403 1939 sordibus
421 1872 509 1950 tecti,
529 1881 613 1937 caret
630 1872 799 1937 invidenda

323 1967 446 2033 sobrius
464 1967 545 2032 aula

260 2106 384 2190 saepius
402 2104 504 2168 ventis
523 2103 660 2189 agitatur
676 2105 788 2190 ingens

258 2200 365 2283 pinus,
384 2209 415 2262 et
433 2198 535 2262 celsae
552 2198 696 2284 graviore
715 2221 791 2263 casu

258 2293 406 2356 decidunt
424 2302 540 2368 turres,
558 2291 736 2375 feriuntque
755 2316 895 2359 summos
961 2317 966 2325 ’

321 2387 453 2450 fulmina
470 2394 601 2449 montes.

258 2532 362 2607 sperat
378 2522 516 2599 infestis,
535 2522 646 2587 metuit
664 2525 810 2589 secundis

257 2618 386 2681 alteram
405 2626 519 2681 sortem
538 2614 617 2681 bene
634 2629 853 2702 praeparatum

257 2721 377 2795 pectus.
395 2710 544 2776 informes
562 2710 682 2775 hiemes
700 2713 821 2777 reducit

319 2806 474 2891 Iuppiter,
492 2806 576 2869 idem

258 2951 443 3007 summovet.
462 2965 540 3018 non,
560 2942 587 3005 si
604 2942 685 3005 male
703 2965 801 3020 nunc,
821 2954 852 3008 et
870 2945 943 3008 olim

258 3037 303 3101 sic
321 3037 388 3101 erit.
407 3037 565 3119 quondam
583 3036 702 3100 cithare
719 3048 874 3102 tacentem

258 3131 387 3195 suscitat
404 3130 533 3194 Musam
551 3152 653 3214 neque
673 3152 797 3215 semper
814 3156 920 3196 arcum

322 3224 420 3288 tendit
437 3222 564 3309 Apollo.

206 3389 209 3400 ¹
257 3359 351 3424 rebus
370 3360 512 3447 angustis
531 3360 690 3424 animosus
709 3371 802 3443 atque

256 3454 347 3520 fortis
365 3476 496 3538 appare3
515 3454 671 3539 sapienter
687 3455 772 3519 idem

258 3547 420 3613 contrahes
438 3557 531 3612 vento
549 3548 681 3612 nimium
699 3550 836 3614 seeundo

320 3642 446 3728 turgida
463 3642 542 3706 vela.

460 3901 658 3964 OARMEN
679 3906 741 3964 XI.

353 4047 405 4095 nu
425 4046 635 4107 ancrmu
653 4049 847 4100 memorum

258 4170 344 4254 Quid
362 4172 529 4239 bellicosus
549 4174 708 4240 Cantaber
725 4184 756 4240 et
775 4173 920 4258 Scythes,

257 4265 392 4351 Hirpine
411 4266 554 4349 Quincti,
574 4270 702 4355 cogitet,
721 4268 845 4333 Hadria

192 4378 194 4384 ·
299 4360 417 4425 divisus
436 4361 571 4440 obiecto,
590 4363 729 4427 remittas
806 4420 813 4432 .

342 4476 504 4537 quaerere,
524 4480 581 4522 nec
598 4458 733 4542 trepides
752 4457 784 4521 in
804 4479 894 4521 usum
