3225 5442
557 682 591 746 Q.
604 679 769 735 HORATII
782 678 922 766 Fulccl

393 860 473 921 quae
490 838 575 902 velut
593 836 664 901 latis
682 858 764 918 equa
781 836 873 900 trima
890 838 1010 923 campis

393 933 472 996 ludit
490 931 637 996 exsultim
655 931 826 1014 metuitque
845 932 942 1017 tangi,

393 1026 573 1111 nuptiarum
591 1046 702 1108 expers
721 1033 752 1087 et
769 1023 873 1088 adhuc
890 1034 1038 1109 protervo

458 1119 554 1183 cruda
571 1117 691 1180 marito.

394 1265 428 1319 tu
445 1265 535 1341 potes
554 1254 649 1339 tigres
669 1252 861 1336 comitesque
880 1254 976 1320 silvas

392 1350 506 1413 ducere
524 1358 556 1411 ct
572 1348 656 1412 rivos
675 1347 791 1411 celeres
809 1348 937 1425 morari3

393 1442 488 1507 cessit
504 1439 649 1505 immanis
668 1439 724 1504 tibi
740 1439 912 1505 blandienti

456 1535 569 1599 ianitor
586 1534 685 1610 aulae,

395 1661 566 1740 Cerberus,
585 1662 729 1745 quamvis
747 1661 858 1725 furiale
877 1672 1002 1727 centum

392 1757 534 1820 muniant
550 1778 669 1842 angues
688 1766 782 1840 caput
799 1756 881 1833 eius,
901 1765 995 1840 atque

393 1852 519 1936 spiritus
537 1859 616 1914 teter
634 1850 799 1934 saniesque
816 1860 923 1915 manet

458 1967 511 2008 cre
529 1944 677 2029 trilingui

311 2083 317 2091 '
394 2072 469 2155 quin
486 2080 518 2136 et
534 2071 627 2136 Ixion
645 2070 819 2157 Tityosque
837 2072 927 2135 vultu

393 2166 461 2230 risit
478 2166 589 2243 invito,
610 2164 694 2229 stetit
711 2188 789 2228 uma
806 2166 946 2250 paullum

395 2259 491 2336 sicca,
510 2260 585 2322 dum
603 2268 693 2345 grato
710 2258 817 2323 Danai
834 2260 955 2341 puellas

458 2353 594 2417 camnine
612 2352 740 2417 mulces.

394 2482 500 2545 audiat
516 2482 611 2567 Lyde
629 2481 731 2545 scelus
749 2489 844 2563 atque
860 2490 951 2546 notas

393 2575 550 2660 virginum
568 2597 700 2659 poenas,
719 2584 750 2637 et
766 2574 859 2639 inane
876 2574 1024 2660 lymphae

394 2669 514 2733 dolium
531 2669 629 2733 fundo
646 2668 805 2754 pereuntis
823 2668 886 2732 imo

458 2784 589 2845 seraque
607 2763 681 2838 fata,
733 2805 737 2811 ·

392 2912 473 2973 quae
491 2900 618 2954 manent
636 2891 743 2975 culpas
762 2891 856 2954 etiam
874 2888 933 2954 sub
953 2887 1049 2956 Orco.

394 2984 509 3068 impiae
527 3021 568 3030 -
585 2984 752 3067 namquid
770 2994 900 3069 pctucre
916 2983 1037 3049 maius?
1056 3023 1095 3031 —

393 3078 508 3162 impiae
527 3099 658 3162 sponsos
676 3087 804 3162 potuere
823 3078 901 3141 duro

458 3171 588 3255 perdere
605 3170 702 3235 ferrcl

393 3323 457 3365 una
474 3301 513 3364 de
531 3301 637 3365 multis
655 3300 725 3365 face
742 3300 875 3385 nuptiali

395 3395 491 3479 digna
507 3396 665 3481 periurum
684 3395 744 3459 fuit
760 3396 793 3459 in
811 3405 973 3480 parentem

395 3489 555 3573 splendide
578 3491 713 3554 mendax
731 3490 811 3554 etin
829 3512 920 3554 omne
939 3490 1028 3576 virgo

373 3584 375 3588 ’
457 3582 570 3647 nobilis
589 3605 711 3660 aevum,

396 3714 544 3796 „surgc‚“
565 3733 646 3793 quac
663 3711 742 3775 dixit
759 3711 865 3775 iuveni
882 3712 1002 3787 marito,

396 3826 524 3891 „surge‚
542 3827 583 3869 ne
600 3805 713 3892 longus
732 3804 789 3871 tibi
806 3827 949 3882 somnus,
968 3805 1051 3868 unde

394 3919 457 3961 non
475 3898 580 3975 times,
598 3898 702 3977 detur3
722 3921 865 3963 socerum
883 3908 914 3962 et
932 3897 1080 3963 scelestas

458 3992 532 4056 falle
550 4014 682 4069 sorores,

396 4141 490 4203 quae,
509 4121 596 4185 velut
612 4131 722 4185 nactae
740 4118 855 4186 vitulos
873 4121 1011 4197 leaenae,

396 4214 550 4300 singulos,
569 4214 663 4279 eheul
681 4215 832 4281 lacerant:
852 4238 911 4303 ego
929 4216 990 4280 illis

396 4307 518 4371 mollior
534 4331 592 4373 nec
610 4319 640 4373 te
659 4309 769 4374 feriam
786 4332 888 4393 neque
906 4310 987 4374 intra

459 4400 594 4465 claustra
612 4402 733 4467 tenebo.
