3225 5442
569 709 845 769 EPISTOLARUM
862 712 935 767 LIB.
949 712 972 767 Ι.
1222 700 1286 764 203

257 870 404 937 conticuit
421 870 498 956 lyra.
521 868 667 933 fraternis
685 869 820 934 cessisse
838 879 966 954 putatur

256 964 395 1031 moribus
412 961 589 1049 Amphion:
609 973 643 1027 tu
660 963 737 1028 cede
753 964 889 1048 potentis
908 964 1000 1029 amici

255 1058 378 1124 lenibus
395 1057 549 1143 imperiis,
568 1056 753 1140 quotiesque
772 1056 885 1121 educet
901 1057 935 1121 in
953 1081 1046 1144 agros

243 1151 378 1218 'Aetolis
397 1160 525 1216 onerata
540 1150 644 1237 plagis
661 1150 801 1214 iumenta
819 1164 985 1234 canesque,

256 1268 350 1333 surge
369 1255 400 1310 et
417 1244 606 1309 inhumanae
625 1246 747 1309 senium
765 1245 887 1329 depone
907 1244 1076 1323 Camenae,

256 1363 369 1407 coenes
387 1349 423 1404 ut
440 1339 557 1425 pariter
573 1339 735 1424 pulmenta
752 1339 913 1405 laboribus
932 1350 1029 1406 emta:

256 1434 409 1501 Romanis
428 1433 578 1498 sollemne
596 1433 670 1498 viris
689 1456 783 1518 opus,
802 1433 878 1498 utile
897 1432 1000 1499 famae

257 1532 402 1614 vitaeque
421 1538 452 1593 et
469 1528 632 1606 membris,
650 1529 835 1614 praesertim
852 1551 950 1612 quum
969 1529 1074 1594 valeas
1093 1539 1124 1594 et

258 1624 309 1689 vel
325 1645 421 1689 cursu
439 1644 586 1707 superare
604 1644 714 1687 canem
731 1622 783 1687 vel
801 1622 920 1688 viribus
939 1646 1049 1708 aprum

257 1718 370 1804 possis.
394 1717 475 1781 adde
493 1716 594 1780 virilia
605 1716 697 1798 quod
715 1717 889 1801 speciosius
907 1740 994 1781 arma

258 1821 387 1877 nonest
405 1811 460 1893 qui
477 1819 596 1875 tractet.
620 1810 682 1875 seis
700 1832 764 1894 quo
782 1810 919 1875 clamore
938 1832 1071 1875 coronae

259 1906 376 1992 praelia
394 1904 549 1969 sustineas
567 1904 769 1989 campestria;
788 1905 924 1988 denique
942 1927 1070 1969 saevam

259 2001 401 2065 militiam
418 2022 497 2086 puer
513 2009 544 2064 et
563 1998 752 2064 Cantabrica
770 1999 853 2064 bella
871 1999 968 2064 tulisti

260 2094 319 2159 sub
337 2094 431 2170 duee,
451 2093 505 2177 qui
523 2094 646 2179 templis
664 2093 854 2159 Parthorum
874 2095 964 2180 signa
981 2093 1085 2179 refigit

259 2210 343 2253 nuno
361 2197 392 2252 et
410 2188 437 2252 si
454 2187 530 2272 quid
547 2187 651 2265 abest,
670 2188 758 2252 Italis
777 2188 935 2253 adiudicat
953 2187 1057 2252 armis.

260 2304 297 2347 ac
314 2303 355 2346 ne
373 2291 404 2345 te
421 2281 560 2347 retrahas
579 2291 610 2346 et
631 2282 854 2356 inexcusabilis
873 2282 969 2359 absis,

260 2375 404 2460 quamvis
421 2375 466 2438 nil
484 2386 571 2441 extra
587 2398 752 2440 numerum
770 2376 885 2441 fecisse
904 2376 1093 2459 modumque

261 2493 367 2547 euras3
384 2469 541 2534 interdum
559 2469 686 2557 nugaris
704 2492 776 2535 rure
793 2480 934 2555 paterno.

261 2565 393 2649 partitur
409 2564 517 2629 lintres
536 2565 706 2642 exereitus3
724 2564 820 2630 Actia
837 2587 945 2651 pugna

262 2673 292 2722 te
310 2659 390 2728 duce
406 2680 463 2743 per
479 2680 594 2744 pueros
611 2658 717 2724 hostili
735 2682 822 2724 more
839 2658 986 2724 refertur:

263 2752 459 2817 adversarius
477 2763 525 2817 est
542 2753 651 2831 frater,
670 2753 756 2818 lacus
777 2753 912 2843 Hadria,
931 2754 1031 2818 donee

263 2846 445 2911 alterutrum
462 2847 556 2911 velox
573 2847 703 2912 victoria
720 2848 832 2913 fronde
851 2857 987 2912 coronet.

263 2940 437 3005 consentire
455 2940 520 3006 suis
538 2940 649 3006 studiis
668 2941 723 3025 qui
741 2942 907 3006 crediderit
925 2952 965 3019 te,

262 3032 366 3097 fautor
383 3043 514 3117 utroque
533 3043 621 3098 tuum
639 3034 780 3099 laudabit
797 3034 911 3119 pollice
928 3034 1047 3098 ludum.

304 3126 446 3211 protinus
465 3137 499 3191 ut
516 3150 675 3206 moneam,
695 3128 722 3192 si
739 3128 817 3212 quid
834 3127 994 3193 monitoris
1013 3147 1088 3213 eges
1107 3135 1154 3188 tu:

263 3221 339 3304 quid
357 3221 396 3284 de
414 3242 538 3305 quoque
555 3222 623 3287 vire
641 3233 673 3287 et
690 3222 741 3287 cui
758 3222 846 3289 dieas
865 3244 958 3307 saepe
976 3221 1090 3284 videto.

262 3323 510 3400 percontatorem
527 3316 644 3403 sugit03
661 3340 735 3381 nam
753 3316 897 3403 garrulus
915 3316 999 3379 idem
1017 3324 1074 3391 est,

263 3430 321 3473 nee
339 3410 472 3473 retinent
488 3410 612 3495 patulae
632 3411 800 3476 commissa
817 3410 950 3474 fideliter
967 3431 1068 3485 aures,

264 3512 295 3566 et
313 3502 411 3567 semel
429 3503 579 3569 emissum
596 3505 682 3570 volat
698 3503 901 3570 irrevocabile
920 3501 1060 3568 verbum.

305 3618 369 3661 nen
388 3597 500 3661 aneilla
517 3608 605 3662 tuum
622 3598 708 3664 iecur
725 3599 843 3664 ulceret
860 3598 924 3662 ulla
941 3618 1058 3683 puerve

262 3690 345 3755 intra
361 3713 570 3758 marmoreum
587 3693 756 3758 venerandi
773 3692 870 3757 limen
887 3692 989 3769 amici,

263 3807 302 3848 ue
321 3785 466 3851 dominus
484 3786 573 3872 pueri
590 3787 711 3872 pulchri
729 3809 859 3852 caraeve
876 3786 999 3873 puellae
1251 3852 1256 3861 ,

263 3901 393 3943 munere
410 3889 441 3943 te
458 3902 555 3965 parvo
573 3879 659 3959 beet,
678 3892 733 3946 aut
749 3881 968 3946 incommodus
987 3889 1091 3965 angat.
1312 3896 1345 3944 75

306 3973 432 4056 qualem
449 3975 649 4040 commendes
668 3976 762 4040 etiam
779 3984 873 4059 atque
892 3974 984 4039 etiam
1003 3971 1143 4056 adspice,
1162 3993 1202 4034 ne
1219 3993 1293 4035 mox

262 4066 415 4131 incutiant
433 4068 535 4133 aliena
554 4068 610 4134 tibi
628 4079 758 4155 peccata
774 4070 936 4155 pudorem.

262 4160 402 4225 fallimur
419 4172 450 4227 et
467 4163 627 4247 quondam
644 4186 707 4228 non
725 4164 856 4250 dignum
874 4160 1040 4226 tradimus:
1059 4181 1135 4244 ergo

263 4276 359 4338 quem
378 4278 436 4321 sua
455 4257 547 4343 eulpa
564 4267 697 4343 premet,
717 4258 867 4343 deeeptus
885 4255 992 4321 omitte
1010 4253 1104 4330 tueri3

262 4358 298 4414 ut
315 4350 440 4436 penitus
458 4362 581 4429 notum,
601 4352 628 4417 si
646 4361 765 4417 tentent
782 4351 926 4428 crimina,
946 4370 1061 4424 serves,

240 4499 243 4504 .
263 4444 437 4529 tuterisque
455 4455 508 4511 tuo
525 4446 674 4511 fidentem
691 4445 861 4532 praesidio:
881 4446 934 4529 qui
