3225 5442
305 702 367 768 196
635 708 669 777 Q.
682 708 849 767 HORATII
862 710 1007 767 FLAOCI

251 894 285 943 20
303 873 418 950 credis,
437 893 569 936 amoena
585 878 677 935 vocat
694 891 820 933 mecum
837 868 892 952 qui
911 869 1020 947 sentit,
1040 879 1073 933 et
1091 870 1158 934 odit

303 989 383 1051 quac
402 977 435 1029 tu
453 965 584 1050 pulchra
601 973 702 1049 putas.
725 963 830 1028 fornix
847 963 904 1028 tibi
922 973 954 1029 et
971 973 1071 1028 uncta
1087 966 1202 1050 popina

302 1061 457 1127 incutiunt
474 1058 561 1123 urbis
579 1058 783 1134 desiderium,
801 1058 908 1133 video,
927 1067 959 1121 et
977 1059 1066 1141 quod

304 1154 438 1240 angulus
456 1153 516 1216 iste
534 1150 614 1216 feret
630 1151 720 1236 piper
738 1161 769 1214 et
786 1150 859 1215 thus
876 1151 965 1215 ocius
986 1173 1059 1228 uva,

303 1270 362 1313 nec
379 1247 483 1311 vicina
501 1245 609 1309 subest
627 1246 735 1308 vinum
751 1244 901 1329 praebere
920 1243 1053 1309 taberna

253 1364 285 1412 25
304 1364 384 1425 quac
402 1340 502 1426 possit
520 1340 591 1416 tibi,
610 1361 667 1404 nec
685 1339 833 1403 meretrix
850 1338 993 1416 tibicina,
1012 1340 1105 1405 cuius

304 1437 345 1501 ad
363 1435 526 1520 strepitum
545 1433 639 1498 salias
658 1443 757 1498 terrae
774 1434 889 1518 gravis.
913 1443 944 1497 et
962 1443 1072 1498 tamen
1092 1457 1186 1520 urges

303 1529 489 1615 iampridem
508 1551 570 1592 non
588 1537 672 1593 tacta
688 1528 847 1613 ligonibus
865 1551 954 1605 arva,
973 1527 1157 1613 bovemque

304 1623 494 1689 disiunctum
513 1645 604 1687 curas
623 1632 654 1686 et
673 1623 787 1687 strictis
805 1617 969 1687 frondibus
989 1623 1113 1708 exples.

305 1718 391 1782 addit
409 1739 489 1801 opus
506 1716 597 1802 pigro
614 1717 715 1794 rivus,
735 1717 763 1780 si
780 1716 895 1781 decidit
911 1715 1023 1793 imber,

254 1833 287 1881 30
305 1812 403 1875 multa
421 1811 502 1875 mole
520 1811 681 1876 docendus
699 1811 805 1896 aprico
822 1833 950 1896 parcere
967 1821 1070 1895 prato.

304 1927 388 1969 nunc
406 1927 480 1990 age,
499 1905 575 1989 quid
593 1917 734 1969 nostrum
753 1915 939 1969 concentum
956 1906 1095 1983 dividat,
1115 1908 1199 1971 audi.

305 2020 400 2082 quem
419 2010 527 2062 tenues
547 1999 679 2064 decuere
697 2008 789 2084 togae
806 1998 958 2082 nitidique
976 1999 1094 2084 capilli,

305 2114 400 2174 quem
418 2091 480 2155 scis
498 2092 669 2156 immunem
688 2091 823 2158 Cinarae
840 2092 997 2177 placuisse
1015 2094 1136 2178 rapaci,

305 2207 399 2269 quem
418 2184 560 2249 bibulum
577 2185 687 2269 liquidi
704 2186 808 2249 media
825 2186 864 2249 de
881 2186 951 2249 luce
967 2185 1109 2263 Falerni,
1271 2254 1275 2262 ‚

255 2301 288 2349 35
306 2303 403 2345 coena
421 2279 524 2345 brevis
542 2282 630 2345 iuvat
647 2292 678 2345 et
695 2303 792 2366 propo
810 2281 912 2344 rivum
931 2304 1061 2346 somnus
1079 2282 1117 2346 in
1134 2282 1239 2349 herba.

305 2396 364 2437 neo
381 2374 494 2439 lusisse
513 2376 623 2460 pudet,
643 2376 699 2439 sed
716 2398 779 2439 non
795 2374 932 2438 incidere
950 2374 1071 2440 ludum.

306 2492 369 2533 non
386 2469 457 2533 istic
475 2469 601 2552 obliquo
620 2469 710 2533 oculo
727 2491 799 2533 mea
817 2469 980 2533 commoda
997 2469 1172 2554 quisquam

305 2562 407 2639 limat,
426 2585 489 2627 non
507 2563 579 2627 odio
598 2563 731 2628 obscuro
748 2585 917 2646 morsuque
934 2573 1069 2628 venenat
1075 2589 1084 2641 ;

305 2656 408 2719 rident
426 2656 520 2719 vicini
537 2656 647 2742 glebas
666 2666 697 2720 et
715 2680 792 2720 saxa
810 2665 996 2720 moventem.

255 2771 289 2818 40
308 2772 380 2814 cum
399 2749 497 2813 servis
515 2750 636 2814 urbana
653 2750 751 2814 diaria
768 2751 878 2814 rodere
895 2750 1005 2826 mavis,

305 2844 418 2908 horum
437 2854 470 2907 tu
489 2845 521 2907 in
538 2866 702 2908 numerum
720 2854 793 2909 voto
811 2844 876 2909 ruis
882 2870 891 2922 ;
909 2844 1027 2908 invidet
1045 2869 1144 2911 usum

306 2939 462 3024 lignorum
481 2948 512 3002 et
529 2938 650 3022 pecoris
669 2938 725 3002 tibi
743 2939 812 3003 calo
830 2950 959 3025 argutus
982 2949 1013 3003 et
1030 2939 1125 3004 horti.

307 3042 393 3117 optat
411 3031 558 3117 ephippia
575 3031 633 3096 bos
651 3033 754 3118 piger,
773 3042 860 3117 optat
878 3055 966 3097 arare
984 3032 1138 3099 caballus.

307 3148 402 3209 quam
421 3126 479 3189 scit
497 3137 627 3209 uterque
644 3126 745 3191 libens
763 3126 899 3192 censebo
917 3136 1061 3191 exerceat
1079 3137 1192 3193 artem.

649 3327 895 3390 EPISTOLA
917 3331 993 3389 XV.

604 3474 655 3521 Au
676 3474 878 3524 uuuomuu
896 3475 1040 3523 vunnu.

309 3597 399 3679 Quae
410 3599 459 3662 ‘sit
477 3599 576 3662 hiems
595 3598 720 3676 Veliae,
738 3599 823 3682 quod
841 3601 976 3677 coelum,
995 3599 1092 3678 Vala,
1114 3599 1250 3678 Salerni,

308 3713 441 3774 quorum
458 3692 619 3756 hominum
637 3693 724 3779 regio
743 3704 773 3758 et
791 3695 892 3777 qualis
911 3695 976 3771 via,
994 3733 1036 3741 -
1054 3718 1129 3758 nam
1148 3697 1227 3777 mihi
1245 3696 1330 3759 Baias

307 3784 404 3848 Musa
423 3808 633 3869 supervacuas
652 3786 826 3866 Antonius,
845 3799 877 3852 et
894 3799 1000 3852 tamen
1017 3788 1078 3851 illis

308 3904 359 3944 me
377 3880 453 3944 facit
470 3881 620 3958 invisum,
638 3882 743 3968 gelida
760 3906 858 3966 quum
876 3883 1000 3968 perluor
1017 3883 1103 3946 unda

275 3995 289 4041 5
307 3997 363 4058 per
381 3974 518 4037 medium
537 3975 647 4060 frigus.
671 3999 746 4041 sane
764 3988 899 4042 murteta
915 3976 1057 4059 relinqui,

308 4069 452 4151 dictaque
471 4081 644 4133 cessantem
663 4070 767 4135 nereis
786 4071 901 4135 elidere
918 4070 1063 4134 morbum

309 4163 429 4227 sulfura
447 4163 616 4240 contemni,
637 4164 725 4229 vicus
742 4164 855 4249 gemit,
874 4165 998 4228 invidus
1017 4164 1132 4249 aegris,

308 4258 362 4339 qui
380 4268 474 4342 caput
492 4268 523 4321 ct
541 4259 737 4323 stomachum
756 4281 931 4344 supponere
949 4257 1088 4323 fontibus
1108 4258 1242 4337 audent3

309 4350 458 4415 Clusinos
478 4349 660 4434 Gabiosque
678 4362 788 4437 petunt
806 4362 838 4416 ct
855 4353 971 4438 frigida
987 4376 1069 4417 rura.

174 4472 176 4475 ·
259 4462 290 4508 10
309 4446 475 4509 mutandus
494 4445 581 4511 locus
600 4456 661 4523 est,
681 4457 711 4510 et
729 4446 908 4512 deversoria
924 4456 999 4511 nota
