3225 5442
633 688 666 752 Q.
680 683 847 742 neuneu
860 662 1002 740 resecr

473 847 613 932 privatus
631 844 692 908 illis
712 865 825 907 census
844 852 910 906 erat
927 842 1041 919 brevis,

474 961 638 1005 commune
656 960 805 1023 magnum
811 962 820 1014 3
839 937 924 1001 nulla
942 938 1143 1023 decempedis

517 1043 633 1099 metata
649 1032 778 1118 privetis
797 1053 928 1116 opacam

559 1128 696 1213 perticus
714 1125 891 1210 excipiebat
906 1125 1037 1203 Areten,

475 1287 534 1329 nec
551 1263 713 1328 fortuitum
732 1284 878 1347 spernere
897 1262 1048 1347 cespitem

475 1361 562 1445 leges
582 1356 738 1433 sinebant,
757 1356 874 1441 oppida
891 1355 1017 1441 publice

520 1462 626 1517 sumtu
643 1450 786 1515 iubentes
805 1459 837 1514 et
854 1451 984 1514 deorum

481 1551 492 1564 ‘
563 1545 680 1630 templa
697 1566 779 1608 novo
797 1544 944 1608 decorare
964 1566 1050 1609 saxo.

665 1769 863 1832 CARMEN
885 1771 977 1830 XVI.

569 1915 622 1964 ru
641 1913 836 1964 rennerunt
855 1912 1067 1964 snosrnuu.

435 2047 437 2050 ’
458 2040 568 2107 Otium
586 2043 676 2107 dives
694 2052 785 2128 regat
802 2043 836 2106 in
852 2042 970 2127 patenti

453 2146 585 2221 prensus
603 2137 749 2223 Aegae0‚
769 2137 863 2201 simul
880 2145 947 2201 atra
963 2136 1064 2200 nubes

455 2231 592 2295 condidit
609 2232 736 2295 Lunam
754 2253 857 2314 neque
875 2240 959 2295 certa
976 2230 1100 2316 fulgent

519 2328 621 2392 sidera
637 2327 755 2404 nautis3

454 2465 552 2528 etium
569 2464 652 2528 belle
670 2463 789 2528 furiosa
807 2464 940 2540 Thrace,

455 2558 553 2622 otium
570 2557 661 2621 Medi
677 2557 823 2642 pharetra
840 2556 953 2633 decori,

458 2650 618 2737 Grosphe,
636 2674 700 2716 non
717 2651 851 2737 gemmis
870 2672 971 2733 neque
989 2672 1128 2735 purpura
1145 2672 1199 2715 ve-

518 2747 589 2811 nale
606 2767 708 2829 neque
726 2768 812 2811 aure.

363 2923 366 2928 -
455 2905 518 2947 non
536 2883 619 2947 enim
637 2905 736 2968 gazae
753 2903 857 2964 neque
875 2880 1047 2945 consularis

458 2985 633 3041 summovet
651 2977 741 3040 lictor
758 2976 890 3040 miseros
909 2974 1059 3038 tumultus

454 3070 567 3134 mentis
586 3079 618 3135 et
634 3091 726 3135 curas
744 3069 889 3152 laqueata
907 3068 1023 3132 circum

519 3173 601 3229 tecta
619 3164 770 3228 velantes.

454 3301 569 3364 vivitur
585 3324 682 3386 parve
700 3301 780 3365 bene
798 3301 850 3366 eui
866 3310 1031 3386 paternum

456 3395 598 3479 splendet
614 3387 647 3459 in
664 3418 774 3460 mensa
791 3395 877 3460 tenui
896 3396 1038 3469 salinum,

456 3510 515 3553 nec
531 3488 617 3553 leves
637 3512 764 3581 pemnos
783 3489 876 3554 timor
893 3498 948 3553 aut
965 3487 1078 3572 cupido

520 3584 664 3648 sordidus
683 3585 793 3648 aufert.

424 3749 432 3767 ν
456 3720 533 3803 quid
550 3721 637 3786 brevi
647 3720 753 3785 ‘fortes
771 3721 945 3785 iaculamur
962 3742 1040 3784 aevo

456 3814 572 3879 multa?
590 3815 666 3898 quid
683 3824 780 3880 terras
798 3815 860 3880 alio
878 3815 1015 3879 calentes

456 3908 523 3972 sole
539 3909 716 3973 mutamus?
733 3909 853 3993 patriae
870 3908 941 3991 quis'
959 3906 1049 3973 exsul

521 4024 555 4067 se
573 4024 698 4085 quoque
716 4002 817 4088 fugit?

456 4140 577 4203 scandit
594 4148 715 4204 aeratas
733 4140 848 4204 vitiosa
865 4161 962 4204 naves

455 4253 544 4310 cura,
563 4255 621 4298 nec
640 4242 758 4298 turmas
777 4232 918 4316 equitum
935 4230 1090 4314 relinquit,
1128 4267 1134 4274 ·

455 4326 540 4390 ocior
557 4327 657 4391 cervis
676 4336 707 4390 et
724 4336 837 4412 agente
856 4325 979 4390 nimbos

470 4434 472 4437 ⁴
520 4421 605 4484 ocior
622 4420 719 4484 Erue.
