3225 5442
466 710 676 768 CARMINUM
693 711 767 768 LIB.
782 713 832 770 1v.

261 872 332 955 quis
349 868 503 934 Parthum
520 877 647 954 paveat,
666 869 736 953 quis
754 870 894 956 gelidum
914 868 1063 957 Scythen,

261 966 331 1048 quis
350 962 521 1029 Germania
539 985 618 1046 quos
636 963 762 1029 horrida
779 965 911 1049 parturit

261 1061 357 1135 setus,
375 1057 524 1122 ineolumi
543 1055 700 1121 Caesare?
717 1058 788 1140 quis
808 1058 892 1123 ferae

324 1152 442 1217 bellum
459 1161 546 1215 curet
564 1150 735 1215 Hiberiae?

261 1288 366 1352 condit
383 1287 516 1371 quisque
534 1287 618 1350 diem
637 1286 769 1351 collibus
787 1287 821 1350 in
838 1287 914 1364 suis,
952 1349 956 1354 .

262 1391 293 1446 et
309 1382 405 1446 vitem
423 1381 534 1446 viduas
552 1382 639 1445 ducit
656 1383 697 1446 ad
714 1382 841 1447 arbores
847 1408 856 1460 ;

261 1476 333 1539 hinc
350 1476 391 1539 ad
409 1476 484 1539 vina
500 1475 581 1540 redit
597 1475 699 1541 lactus
718 1485 749 1541 et
766 1477 871 1541 alteris

324 1577 355 1631 te
372 1569 489 1633 mensis
508 1567 637 1632 adhibet
654 1569 763 1646 deum3

262 1713 292 1767 te
310 1703 409 1768 multa
425 1725 535 1789 prece,
554 1714 585 1769 te
602 1705 800 1790 prosequitur
817 1727 903 1770 mero

260 1797 372 1861 defuso
389 1797 520 1882 pateris,
540 1807 572 1862 ct
588 1798 727 1863 Laribus
746 1808 836 1862 tuum

260 1891 371 1955 miscet
387 1913 518 1968 numen,
537 1892 584 1958 uti
603 1890 737 1957 Graecia
755 1891 907 1969 Castoris,

324 1993 356 2048 et
373 1986 480 2072 magni
498 2008 618 2050 memor
635 1985 792 2050 Herculis.

255 2119 370 2207 iongas
389 2142 408 2185 o
425 2120 559 2198 utinam,
578 2123 644 2185 dux
661 2121 756 2199 bone,
775 2121 870 2186 serias

259 2224 400 2299 praestes
418 2214 611 2300 Hesperiae!
630 2215 763 2279 dicimus
781 2215 904 2302 integro

260 2308 336 2372 sicci
353 2330 444 2372 mane
462 2308 528 2386 die,
547 2309 680 2373 dicimus
698 2309 795 2385 uvidi,

324 2427 422 2488 quum
441 2405 489 2469 sol
508 2426 626 2469 oceano
646 2404 763 2469 subest.

504 2630 705 2691 OARMEN
727 2631 785 2690 VI.

290 2773 443 2825 usurus
463 2774 515 2823 AD
535 2774 755 2824 sectamura
772 2775 821 2824 su
841 2774 1001 2825 ommam.

258 2897 357 2975 Divo,
376 2920 470 2981 quem
488 2899 591 2984 proles
610 2899 731 2970 Niobea
748 2922 883 2985 magnae

258 2989 413 3055 vindicem
430 2991 557 3078 linguae
575 2992 750 3078 Tityosque
767 3001 874 3077 raptor

259 3084 357 3148 sensit
373 3093 405 3149 et
422 3085 536 3150 Troiae
554 3108 651 3172 prope
669 3087 770 3150 victor
788 3086 869 3149 altae

322 3176 456 3243 Phthius
475 3177 629 3258 Achilles,

259 3314 369 3378 ceteris
387 3315 500 3393 maior,
522 3316 577 3380 tibi
595 3316 685 3381 miles
703 3316 813 3399 impar,

258 3407 341 3471 filius
359 3409 502 3491 quamvis
521 3409 674 3474 Thetidos
692 3410 831 3473 marinae

257 3500 425 3565 Dardanas
444 3511 544 3566 turres
562 3512 703 3586 quateret
719 3504 883 3567 tremenda

322 3595 451 3679 cuspide
468 3617 612 3682 pugnaxt

256 3730 323 3807 iile,
342 3731 481 3795 mordaci
499 3725 666 3797 velut'icta
683 3733 766 3797 ferro

256 3824 350 3907 pinus
368 3833 423 3888 aut
439 3824 576 3909 impulsa
594 3848 762 3911 cupressus
780 3826 880 3902 Euro,

257 3913 390 4001 procidit
407 3918 469 3982 late
486 3919 655 4004 posuitque
673 3919 788 3984 collum
805 3920 838 3983 in

322 4012 450 4096 pulvere
468 4012 602 4078 Teucro.

256 4147 309 4212 ifle
325 4172 404 4228 non,
421 4150 562 4216 inclusus
580 4173 661 4235 equo
678 4150 843 4214 Minervae

257 4264 347 4320 sacra
364 4245 508 4322 mentito,
528 4246 609 4309 male
628 4244 755 4309 feriatos

258 4336 359 4402 Troas
377 4349 409 4402 et
425 4338 540 4404 laetam
557 4339 676 4405 Priami
694 4337 816 4403 choreis

322 4431 444 4497 falleret
462 4434 565 4498 aulam
571 4458 580 4512 ;

1118 685 1162 768 89

1180 879 1319 939 25‘
