<?xml version="1.0" encoding="UTF-8"?>
<!DOCTYPE html PUBLIC "-//W3C//DTD XHTML 1.0 Transitional//EN"
    "http://www.w3.org/TR/xhtml1/DTD/xhtml1-transitional.dtd">
<html xmlns="http://www.w3.org/1999/xhtml" xml:lang="en" lang="en">
 <head>
  <title>
</title>
<meta http-equiv="Content-Type" content="text/html;charset=utf-8" />
  <meta name='ocr-system' content='tesseract 3.04.00' />
  <meta name='ocr-capabilities' content='ocr_page ocr_carea ocr_par ocr_line ocrx_word'/>
</head>
<body>
  <div class='ocr_page' id='page_1' title='image "./qhoratiiflaccio00stalgoog/qhoratiiflaccio00stalgoog_0311.png"; bbox 0 0 3225 5442; ppageno 0'>
   <div class='ocr_carea' id='block_1_1' title="bbox 566 708 1281 777">
    <p class='ocr_par' dir='ltr' id='par_1_1' title="bbox 566 708 1281 777">
     <span class='ocr_line' id='line_1_1' title="bbox 566 708 1281 777; baseline -0.007 -1"><span class='ocrx_word' id='word_1_1' title='bbox 566 719 841 777; x_wconf 81' lang='lat' dir='ltr'><strong>EPISTOLARUM</strong></span> <span class='ocrx_word' id='word_1_2' title='bbox 859 721 933 775; x_wconf 91' lang='lat' dir='ltr'><strong>LIB.</strong></span> <span class='ocrx_word' id='word_1_3' title='bbox 947 722 984 777; x_wconf 88' lang='grc' dir='ltr'>ΙΙ.</span> <span class='ocrx_word' id='word_1_4' title='bbox 1220 708 1281 773; x_wconf 78' lang='grc'>221</span> 
     </span>
    </p>
   </div>
   <div class='ocr_carea' id='block_1_2' title="bbox 255 877 1162 4507">
    <p class='ocr_par' dir='ltr' id='par_1_2' title="bbox 255 877 1162 4507">
     <span class='ocr_line' id='line_1_2' title="bbox 257 877 1010 966; baseline -0.004 -21"><span class='ocrx_word' id='word_1_5' title='bbox 257 881 410 966; x_wconf 85' lang='lat' dir='ltr'>exprimet</span> <span class='ocrx_word' id='word_1_6' title='bbox 428 889 459 945; x_wconf 91' lang='lat' dir='ltr'>et</span> <span class='ocrx_word' id='word_1_7' title='bbox 476 879 586 943; x_wconf 92' lang='lat' dir='ltr'>molles</span> <span class='ocrx_word' id='word_1_8' title='bbox 604 877 775 943; x_wconf 83' lang='lat' dir='ltr'>imitabitur</span> <span class='ocrx_word' id='word_1_9' title='bbox 792 900 863 942; x_wconf 87' lang='lat' dir='ltr'>aere</span> <span class='ocrx_word' id='word_1_10' title='bbox 882 878 1010 964; x_wconf 85' lang='lat' dir='ltr'>capillos</span> 
     </span>
     <span class='ocr_line' id='line_1_3' title="bbox 256 972 985 1058; baseline -0.004 -20"><span class='ocrx_word' id='word_1_11' title='bbox 256 975 366 1039; x_wconf 81' lang='lat' dir='ltr'>infelix</span> <span class='ocrx_word' id='word_1_12' title='bbox 383 973 486 1058; x_wconf 87' lang='lat' dir='ltr'>operis</span> <span class='ocrx_word' id='word_1_13' title='bbox 506 995 642 1048; x_wconf 89' lang='lat' dir='ltr'>summa,</span> <span class='ocrx_word' id='word_1_14' title='bbox 661 972 734 1054; x_wconf 89' lang='lat' dir='ltr'>quia</span> <span class='ocrx_word' id='word_1_15' title='bbox 751 994 867 1055; x_wconf 92' lang='lat' dir='ltr'>ponere</span> <span class='ocrx_word' id='word_1_16' title='bbox 885 981 985 1036; x_wconf 87' lang='lat' dir='ltr'>totum</span> 
     </span>
     <span class='ocr_line' id='line_1_4' title="bbox 255 1065 1129 1151; baseline -0.003 -20"><span class='ocrx_word' id='word_1_17' title='bbox 255 1067 383 1132; x_wconf 84' lang='lat' dir='ltr'>nesciet.</span> <span class='ocrx_word' id='word_1_18' title='bbox 407 1067 490 1130; x_wconf 94' lang='lat' dir='ltr'>hunc</span> <span class='ocrx_word' id='word_1_19' title='bbox 509 1088 568 1151; x_wconf 90' lang='lat' dir='ltr'>ego</span> <span class='ocrx_word' id='word_1_20' title='bbox 586 1088 650 1142; x_wconf 92' lang='lat' dir='ltr'>me,</span> <span class='ocrx_word' id='word_1_21' title='bbox 670 1065 791 1149; x_wconf 87' lang='lat' dir='ltr'>siquid</span> <span class='ocrx_word' id='word_1_22' title='bbox 809 1088 995 1150; x_wconf 92' lang='lat' dir='ltr'>componere</span> <span class='ocrx_word' id='word_1_23' title='bbox 1014 1088 1129 1141; x_wconf 90' lang='lat' dir='ltr'>curem,</span> 
     </span>
     <span class='ocr_line' id='line_1_5' title="bbox 256 1159 1112 1245; baseline -0.005 -19"><span class='ocrx_word' id='word_1_24' title='bbox 256 1185 319 1226; x_wconf 92' lang='lat' dir='ltr'>non</span> <span class='ocrx_word' id='word_1_25' title='bbox 337 1159 439 1245; x_wconf 89' lang='lat' dir='ltr'>magis</span> <span class='ocrx_word' id='word_1_26' title='bbox 458 1181 528 1223; x_wconf 89' lang='lat' dir='ltr'>esse</span> <span class='ocrx_word' id='word_1_27' title='bbox 546 1159 655 1235; x_wconf 68' lang='lat' dir='ltr'>velim</span> <span class='ocrx_word' id='word_1_28' title='bbox 673 1180 768 1242; x_wconf 90' lang='lat' dir='ltr'>quarn</span> <span class='ocrx_word' id='word_1_29' title='bbox 785 1181 883 1243; x_wconf 90' lang='lat' dir='ltr'>pravo</span> <span class='ocrx_word' id='word_1_30' title='bbox 902 1160 1007 1223; x_wconf 91' lang='lat' dir='ltr'>vivere</span> <span class='ocrx_word' id='word_1_31' title='bbox 1025 1182 1112 1235; x_wconf 92' lang='lat' dir='ltr'>naso,</span> 
     </span>
     <span class='ocr_line' id='line_1_6' title="bbox 257 1252 1002 1340; baseline -0.001 -22"><span class='ocrx_word' id='word_1_32' title='bbox 257 1254 461 1340; x_wconf 90' lang='lat' dir='ltr'>spectandum</span> <span class='ocrx_word' id='word_1_33' title='bbox 479 1253 576 1337; x_wconf 83' lang='lat' dir='ltr'>nigris</span> <span class='ocrx_word' id='word_1_34' title='bbox 595 1252 693 1316; x_wconf 90' lang='lat' dir='ltr'>oeulis</span> <span class='ocrx_word' id='word_1_35' title='bbox 711 1252 863 1338; x_wconf 90' lang='lat' dir='ltr'>nigroque</span> <span class='ocrx_word' id='word_1_36' title='bbox 881 1253 1002 1337; x_wconf 89' lang='lat' dir='ltr'>capillo.</span> 
     </span>
     <span class='ocr_line' id='line_1_7' title="bbox 300 1347 1130 1430; baseline -0.001 -19"><span class='ocrx_word' id='word_1_37' title='bbox 300 1348 412 1412; x_wconf 88' lang='lat' dir='ltr'>sumite</span> <span class='ocrx_word' id='word_1_38' title='bbox 430 1347 592 1410; x_wconf 85' lang='lat' dir='ltr'>materiam</span> <span class='ocrx_word' id='word_1_39' title='bbox 610 1347 737 1424; x_wconf 88' lang='lat' dir='ltr'>vestris,</span> <span class='ocrx_word' id='word_1_40' title='bbox 755 1348 810 1430; x_wconf 91' lang='lat' dir='ltr'>qui</span> <span class='ocrx_word' id='word_1_41' title='bbox 829 1348 962 1412; x_wconf 91' lang='lat' dir='ltr'>scribitis</span> <span class='ocrx_word' id='word_1_42' title='bbox 969 1396 984 1425; x_wconf 84' lang='lat'>„</span> <span class='ocrx_word' id='word_1_43' title='bbox 997 1369 1130 1429; x_wconf 91' lang='lat' dir='ltr'>aequam</span> 
     </span>
     <span class='ocr_line' id='line_1_8' title="bbox 256 1440 1032 1523; baseline -0.003 -19"><span class='ocrx_word' id='word_1_44' title='bbox 256 1441 389 1517; x_wconf 91' lang='lat' dir='ltr'>viribus,</span> <span class='ocrx_word' id='word_1_45' title='bbox 409 1450 440 1503; x_wconf 92' lang='lat' dir='ltr'>et</span> <span class='ocrx_word' id='word_1_46' title='bbox 457 1452 580 1504; x_wconf 91' lang='lat' dir='ltr'>versate</span> <span class='ocrx_word' id='word_1_47' title='bbox 598 1440 666 1516; x_wconf 92' lang='lat' dir='ltr'>diu,</span> <span class='ocrx_word' id='word_1_48' title='bbox 686 1440 762 1523; x_wconf 89' lang='lat' dir='ltr'>quid</span> <span class='ocrx_word' id='word_1_49' title='bbox 779 1441 860 1505; x_wconf 90' lang='lat' dir='ltr'>ferre</span> <span class='ocrx_word' id='word_1_50' title='bbox 878 1451 1032 1517; x_wconf 86' lang='lat' dir='ltr'>recusent,</span> 
     </span>
     <span class='ocr_line' id='line_1_9' title="bbox 257 1534 1104 1619; baseline 0 -22"><span class='ocrx_word' id='word_1_51' title='bbox 257 1535 333 1618; x_wconf 91' lang='lat' dir='ltr'>quid</span> <span class='ocrx_word' id='word_1_52' title='bbox 350 1534 474 1597; x_wconf 90' lang='lat' dir='ltr'>valeant</span> <span class='ocrx_word' id='word_1_53' title='bbox 491 1534 626 1598; x_wconf 91' lang='lat' dir='ltr'>humeri:</span> <span class='ocrx_word' id='word_1_54' title='bbox 646 1535 695 1597; x_wconf 92' lang='lat' dir='ltr'>eui</span> <span class='ocrx_word' id='word_1_55' title='bbox 713 1534 794 1599; x_wconf 91' lang='lat' dir='ltr'>lecta</span> <span class='ocrx_word' id='word_1_56' title='bbox 811 1545 953 1619; x_wconf 82' lang='lat' dir='ltr'>potenter</span> <span class='ocrx_word' id='word_1_57' title='bbox 970 1535 1028 1599; x_wconf 90' lang='lat' dir='ltr'>erit</span> <span class='ocrx_word' id='word_1_58' title='bbox 1044 1556 1104 1610; x_wconf 89' lang='lat' dir='ltr'>res,</span> 
     </span>
     <span class='ocr_line' id='line_1_10' title="bbox 256 1627 1040 1693; baseline 0 -2"><span class='ocrx_word' id='word_1_59' title='bbox 256 1650 314 1691; x_wconf 91' lang='lat' dir='ltr'>nec</span> <span class='ocrx_word' id='word_1_60' title='bbox 333 1627 480 1690; x_wconf 79' lang='lat' dir='ltr'>facundia</span> <span class='ocrx_word' id='word_1_61' title='bbox 498 1627 620 1691; x_wconf 86' lang='lat' dir='ltr'>deseret</span> <span class='ocrx_word' id='word_1_62' title='bbox 636 1628 720 1691; x_wconf 90' lang='lat' dir='ltr'>hune</span> <span class='ocrx_word' id='word_1_63' title='bbox 738 1649 796 1692; x_wconf 90' lang='lat' dir='ltr'>nee</span> <span class='ocrx_word' id='word_1_64' title='bbox 814 1628 936 1693; x_wconf 86' lang='lat' dir='ltr'>lucidus</span> <span class='ocrx_word' id='word_1_65' title='bbox 955 1629 1040 1692; x_wconf 89' lang='lat' dir='ltr'>ordo.</span> 
     </span>
     <span class='ocr_line' id='line_1_11' title="bbox 257 1719 1111 1807; baseline -0.001 -22"><span class='ocrx_word' id='word_1_66' title='bbox 257 1721 373 1785; x_wconf 84' lang='lat' dir='ltr'>ordinis</span> <span class='ocrx_word' id='word_1_67' title='bbox 392 1719 469 1783; x_wconf 91' lang='lat' dir='ltr'>haec</span> <span class='ocrx_word' id='word_1_68' title='bbox 487 1721 585 1785; x_wconf 87' lang='lat' dir='ltr'>virtus</span> <span class='ocrx_word' id='word_1_69' title='bbox 604 1722 661 1785; x_wconf 92' lang='lat' dir='ltr'>erit</span> <span class='ocrx_word' id='word_1_70' title='bbox 679 1731 709 1786; x_wconf 91' lang='lat' dir='ltr'>et</span> <span class='ocrx_word' id='word_1_71' title='bbox 727 1744 841 1797; x_wconf 90' lang='lat' dir='ltr'>venus,</span> <span class='ocrx_word' id='word_1_72' title='bbox 861 1732 915 1786; x_wconf 92' lang='lat' dir='ltr'>aut</span> <span class='ocrx_word' id='word_1_73' title='bbox 933 1744 991 1807; x_wconf 89' lang='lat' dir='ltr'>ego</span> <span class='ocrx_word' id='word_1_74' title='bbox 1010 1722 1111 1797; x_wconf 88' lang='lat' dir='ltr'>fallor,</span> 
     </span>
     <span class='ocr_line' id='line_1_12' title="bbox 257 1814 1053 1891; baseline 0 -14"><span class='ocrx_word' id='word_1_75' title='bbox 257 1825 292 1877; x_wconf 92' lang='lat' dir='ltr'>ut</span> <span class='ocrx_word' id='word_1_76' title='bbox 309 1814 371 1877; x_wconf 90' lang='lat' dir='ltr'>iam</span> <span class='ocrx_word' id='word_1_77' title='bbox 389 1835 472 1876; x_wconf 94' lang='lat' dir='ltr'>nune</span> <span class='ocrx_word' id='word_1_78' title='bbox 490 1814 572 1878; x_wconf 91' lang='lat' dir='ltr'>dicat</span> <span class='ocrx_word' id='word_1_79' title='bbox 589 1815 652 1877; x_wconf 91' lang='lat' dir='ltr'>iam</span> <span class='ocrx_word' id='word_1_80' title='bbox 670 1837 753 1879; x_wconf 89' lang='lat' dir='ltr'>nunc</span> <span class='ocrx_word' id='word_1_81' title='bbox 772 1814 917 1879; x_wconf 86' lang='lat' dir='ltr'>debentia</span> <span class='ocrx_word' id='word_1_82' title='bbox 935 1816 1011 1891; x_wconf 85' lang='lat' dir='ltr'>diei3</span> <span class='ocrx_word' id='word_1_83' title='bbox 1050 1842 1053 1850; x_wconf 96' lang='lat'>·</span> 
     </span>
     <span class='ocr_line' id='line_1_13' title="bbox 256 1907 1102 1992; baseline 0.001 -23"><span class='ocrx_word' id='word_1_84' title='bbox 256 1907 405 1992; x_wconf 88' lang='lat' dir='ltr'>pleraque</span> <span class='ocrx_word' id='word_1_85' title='bbox 423 1907 546 1971; x_wconf 88' lang='lat' dir='ltr'>differat</span> <span class='ocrx_word' id='word_1_86' title='bbox 564 1917 595 1971; x_wconf 94' lang='lat' dir='ltr'>et</span> <span class='ocrx_word' id='word_1_87' title='bbox 611 1930 760 1991; x_wconf 90' lang='lat' dir='ltr'>praesens</span> <span class='ocrx_word' id='word_1_88' title='bbox 779 1908 812 1971; x_wconf 92' lang='lat' dir='ltr'>in</span> <span class='ocrx_word' id='word_1_89' title='bbox 830 1919 953 1992; x_wconf 88' lang='lat' dir='ltr'>tempus</span> <span class='ocrx_word' id='word_1_90' title='bbox 973 1908 1102 1972; x_wconf 88' lang='lat' dir='ltr'>omittat.</span> 
     </span>
     <span class='ocr_line' id='line_1_14' title="bbox 257 1999 1156 2085; baseline -0.001 -22"><span class='ocrx_word' id='word_1_91' title='bbox 257 2001 317 2064; x_wconf 90' lang='lat' dir='ltr'>hoo</span> <span class='ocrx_word' id='word_1_92' title='bbox 335 2010 431 2076; x_wconf 89' lang='lat' dir='ltr'>amet,</span> <span class='ocrx_word' id='word_1_93' title='bbox 450 1999 510 2064; x_wconf 91' lang='lat' dir='ltr'>hoe</span> <span class='ocrx_word' id='word_1_94' title='bbox 528 2009 654 2084; x_wconf 90' lang='lat' dir='ltr'>spernat</span> <span class='ocrx_word' id='word_1_95' title='bbox 670 2001 818 2085; x_wconf 88' lang='lat' dir='ltr'>promissi</span> <span class='ocrx_word' id='word_1_96' title='bbox 836 2000 981 2065; x_wconf 87' lang='lat' dir='ltr'>carminis</span> <span class='ocrx_word' id='word_1_97' title='bbox 1000 2009 1116 2063; x_wconf 86' lang='lat' dir='ltr'>auctor.</span> <span class='ocrx_word' id='word_1_98' title='bbox 1152 2023 1156 2030; x_wconf 94' lang='lat'>·</span> 
     </span>
     <span class='ocr_line' id='line_1_15' title="bbox 300 2093 1037 2175; baseline 0 -18"><span class='ocrx_word' id='word_1_99' title='bbox 300 2094 333 2157; x_wconf 93' lang='lat' dir='ltr'>in</span> <span class='ocrx_word' id='word_1_100' title='bbox 350 2093 453 2158; x_wconf 89' lang='lat' dir='ltr'>verbis</span> <span class='ocrx_word' id='word_1_101' title='bbox 473 2094 567 2157; x_wconf 85' lang='lat' dir='ltr'>etiam</span> <span class='ocrx_word' id='word_1_102' title='bbox 585 2094 686 2157; x_wconf 92' lang='lat' dir='ltr'>tenuis</span> <span class='ocrx_word' id='word_1_103' title='bbox 705 2103 879 2175; x_wconf 92' lang='lat' dir='ltr'>cautusque</span> <span class='ocrx_word' id='word_1_104' title='bbox 898 2094 1037 2157; x_wconf 86' lang='lat' dir='ltr'>serendis</span> 
     </span>
     <span class='ocr_line' id='line_1_16' title="bbox 258 2186 983 2272; baseline -0.001 -22"><span class='ocrx_word' id='word_1_105' title='bbox 258 2188 372 2251; x_wconf 83' lang='lat' dir='ltr'>dixeris</span> <span class='ocrx_word' id='word_1_106' title='bbox 392 2188 530 2272; x_wconf 83' lang='lat' dir='ltr'>egregie,</span> <span class='ocrx_word' id='word_1_107' title='bbox 550 2197 660 2251; x_wconf 91' lang='lat' dir='ltr'>notum</span> <span class='ocrx_word' id='word_1_108' title='bbox 677 2188 705 2251; x_wconf 89' lang='lat' dir='ltr'>si</span> <span class='ocrx_word' id='word_1_109' title='bbox 722 2187 834 2251; x_wconf 84' lang='lat' dir='ltr'>callida</span> <span class='ocrx_word' id='word_1_110' title='bbox 852 2186 983 2251; x_wconf 88' lang='lat' dir='ltr'>verbum</span> 
     </span>
     <span class='ocr_line' id='line_1_17' title="bbox 257 2280 1090 2345; baseline -0.004 0"><span class='ocrx_word' id='word_1_111' title='bbox 257 2282 425 2345; x_wconf 89' lang='lat' dir='ltr'>reddiderit</span> <span class='ocrx_word' id='word_1_112' title='bbox 442 2281 585 2345; x_wconf 91' lang='lat' dir='ltr'>iunctura</span> <span class='ocrx_word' id='word_1_113' title='bbox 603 2304 728 2345; x_wconf 91' lang='lat' dir='ltr'>novum.</span> <span class='ocrx_word' id='word_1_114' title='bbox 753 2280 780 2344; x_wconf 88' lang='lat' dir='ltr'>si</span> <span class='ocrx_word' id='word_1_115' title='bbox 797 2281 877 2345; x_wconf 88' lang='lat' dir='ltr'>forte</span> <span class='ocrx_word' id='word_1_116' title='bbox 895 2302 1024 2345; x_wconf 90' lang='lat' dir='ltr'>necesse</span> <span class='ocrx_word' id='word_1_117' title='bbox 1042 2291 1090 2344; x_wconf 90' lang='lat' dir='ltr'>est</span> 
     </span>
     <span class='ocr_line' id='line_1_18' title="bbox 257 2375 1021 2451; baseline 0 -14"><span class='ocrx_word' id='word_1_118' title='bbox 257 2376 378 2439; x_wconf 90' lang='lat' dir='ltr'>indiciis</span> <span class='ocrx_word' id='word_1_119' title='bbox 397 2386 570 2439; x_wconf 89' lang='lat' dir='ltr'>monstrare</span> <span class='ocrx_word' id='word_1_120' title='bbox 587 2375 764 2439; x_wconf 88' lang='lat' dir='ltr'>recentibus</span> <span class='ocrx_word' id='word_1_121' title='bbox 783 2375 890 2440; x_wconf 89' lang='lat' dir='ltr'>abdita</span> <span class='ocrx_word' id='word_1_122' title='bbox 907 2397 1021 2451; x_wconf 88' lang='lat' dir='ltr'>rerum,</span> 
     </span>
     <span class='ocr_line' id='line_1_19' title="bbox 257 2468 952 2555; baseline 0.003 -24"><span class='ocrx_word' id='word_1_123' title='bbox 257 2468 375 2554; x_wconf 87' lang='lat' dir='ltr'>fingere</span> <span class='ocrx_word' id='word_1_124' title='bbox 393 2469 536 2533; x_wconf 89' lang='lat' dir='ltr'>cinctutis</span> <span class='ocrx_word' id='word_1_125' title='bbox 555 2492 619 2533; x_wconf 91' lang='lat' dir='ltr'>non</span> <span class='ocrx_word' id='word_1_126' title='bbox 636 2470 782 2534; x_wconf 89' lang='lat' dir='ltr'>exaudita</span> <span class='ocrx_word' id='word_1_127' title='bbox 802 2469 952 2555; x_wconf 88' lang='lat' dir='ltr'>Cethegis</span> 
     </span>
     <span class='ocr_line' id='line_1_20' title="bbox 258 2563 1075 2649; baseline 0 -24"><span class='ocrx_word' id='word_1_128' title='bbox 258 2564 429 2648; x_wconf 87' lang='lat' dir='ltr'>continget,</span> <span class='ocrx_word' id='word_1_129' title='bbox 448 2563 633 2648; x_wconf 88' lang='lat' dir='ltr'>dabiturque</span> <span class='ocrx_word' id='word_1_130' title='bbox 650 2564 776 2629; x_wconf 88' lang='lat' dir='ltr'>lieentia</span> <span class='ocrx_word' id='word_1_131' title='bbox 794 2574 897 2629; x_wconf 85' lang='lat' dir='ltr'>sumta</span> <span class='ocrx_word' id='word_1_132' title='bbox 914 2564 1075 2649; x_wconf 88' lang='lat' dir='ltr'>pudenter.</span> 
     </span>
     <span class='ocr_line' id='line_1_21' title="bbox 260 2656 1123 2743; baseline -0.001 -24"><span class='ocrx_word' id='word_1_133' title='bbox 260 2666 291 2719; x_wconf 90' lang='lat' dir='ltr'>ct</span> <span class='ocrx_word' id='word_1_134' title='bbox 309 2681 389 2721; x_wconf 92' lang='lat' dir='ltr'>nova</span> <span class='ocrx_word' id='word_1_135' title='bbox 407 2658 540 2741; x_wconf 88' lang='lat' dir='ltr'>fictaque</span> <span class='ocrx_word' id='word_1_136' title='bbox 558 2682 659 2743; x_wconf 92' lang='lat' dir='ltr'>nuper</span> <span class='ocrx_word' id='word_1_137' title='bbox 676 2658 837 2724; x_wconf 89' lang='lat' dir='ltr'>habebunt</span> <span class='ocrx_word' id='word_1_138' title='bbox 854 2657 950 2723; x_wconf 90' lang='lat' dir='ltr'>verba</span> <span class='ocrx_word' id='word_1_139' title='bbox 967 2656 1075 2733; x_wconf 86' lang='lat' dir='ltr'>fidem,</span> <span class='ocrx_word' id='word_1_140' title='bbox 1096 2656 1123 2719; x_wconf 90' lang='lat' dir='ltr'>si</span> 
     </span>
     <span class='ocr_line' id='line_1_22' title="bbox 259 2749 1111 2837; baseline 0.001 -24"><span class='ocrx_word' id='word_1_141' title='bbox 259 2749 381 2814; x_wconf 85' lang='lat' dir='ltr'>Graeco</span> <span class='ocrx_word' id='word_1_142' title='bbox 399 2751 484 2816; x_wconf 91' lang='lat' dir='ltr'>fonte</span> <span class='ocrx_word' id='word_1_143' title='bbox 503 2753 627 2830; x_wconf 92' lang='lat' dir='ltr'>eadent,</span> <span class='ocrx_word' id='word_1_144' title='bbox 646 2775 740 2837; x_wconf 91' lang='lat' dir='ltr'>parce</span> <span class='ocrx_word' id='word_1_145' title='bbox 758 2754 893 2817; x_wconf 87' lang='lat' dir='ltr'>detorta:</span> <span class='ocrx_word' id='word_1_146' title='bbox 912 2752 988 2835; x_wconf 90' lang='lat' dir='ltr'>quid</span> <span class='ocrx_word' id='word_1_147' title='bbox 1006 2761 1111 2815; x_wconf 91' lang='lat' dir='ltr'>autem</span> 
     </span>
     <span class='ocr_line' id='line_1_23' title="bbox 259 2843 1069 2928; baseline 0.001 -22"><span class='ocrx_word' id='word_1_148' title='bbox 259 2843 397 2906; x_wconf 86' lang='lat' dir='ltr'>Caecilio</span> <span class='ocrx_word' id='word_1_149' title='bbox 416 2844 591 2928; x_wconf 87' lang='lat' dir='ltr'>Plautoque</span> <span class='ocrx_word' id='word_1_150' title='bbox 609 2845 696 2909; x_wconf 92' lang='lat' dir='ltr'>dabit</span> <span class='ocrx_word' id='word_1_151' title='bbox 713 2846 890 2921; x_wconf 84' lang='lat' dir='ltr'>Romanus,</span> <span class='ocrx_word' id='word_1_152' title='bbox 909 2846 1069 2909; x_wconf 87' lang='lat' dir='ltr'>ademtum</span> 
     </span>
     <span class='ocr_line' id='line_1_24' title="bbox 257 2935 1050 3022; baseline 0.008 -27"><span class='ocrx_word' id='word_1_153' title='bbox 257 2935 391 3017; x_wconf 87' lang='lat' dir='ltr'>Virgilio</span> <span class='ocrx_word' id='word_1_154' title='bbox 410 2936 587 3018; x_wconf 85' lang='lat' dir='ltr'>Varioque?</span> <span class='ocrx_word' id='word_1_155' title='bbox 604 2959 665 3022; x_wconf 91' lang='lat' dir='ltr'>ego</span> <span class='ocrx_word' id='word_1_156' title='bbox 683 2959 751 3013; x_wconf 90' lang='lat' dir='ltr'>eur,</span> <span class='ocrx_word' id='word_1_157' title='bbox 771 2938 930 3019; x_wconf 86' lang='lat' dir='ltr'>acquirere</span> <span class='ocrx_word' id='word_1_158' title='bbox 948 2960 1050 3021; x_wconf 90' lang='lat' dir='ltr'>pauca</span> 
     </span>
     <span class='ocr_line' id='line_1_25' title="bbox 259 3027 1162 3114; baseline 0.002 -25"><span class='ocrx_word' id='word_1_159' title='bbox 259 3027 284 3089; x_wconf 89' lang='lat' dir='ltr'>si</span> <span class='ocrx_word' id='word_1_160' title='bbox 302 3048 446 3110; x_wconf 93' lang='lat' dir='ltr'>possum,</span> <span class='ocrx_word' id='word_1_161' title='bbox 464 3028 618 3106; x_wconf 91' lang='lat' dir='ltr'>invideor,</span> <span class='ocrx_word' id='word_1_162' title='bbox 637 3051 735 3112; x_wconf 92' lang='lat' dir='ltr'>quum</span> <span class='ocrx_word' id='word_1_163' title='bbox 752 3029 861 3114; x_wconf 89' lang='lat' dir='ltr'>lingua</span> <span class='ocrx_word' id='word_1_164' title='bbox 879 3029 1009 3094; x_wconf 86' lang='lat' dir='ltr'>Catonis</span> <span class='ocrx_word' id='word_1_165' title='bbox 1029 3040 1059 3092; x_wconf 90' lang='lat' dir='ltr'>et</span> <span class='ocrx_word' id='word_1_166' title='bbox 1076 3028 1162 3092; x_wconf 84' lang='lat' dir='ltr'>Enni</span> 
     </span>
     <span class='ocr_line' id='line_1_26' title="bbox 258 3121 1018 3206; baseline 0 -22"><span class='ocrx_word' id='word_1_167' title='bbox 258 3143 434 3185; x_wconf 90' lang='lat' dir='ltr'>sennonem</span> <span class='ocrx_word' id='word_1_168' title='bbox 451 3121 586 3206; x_wconf 84' lang='lat' dir='ltr'>patrium</span> <span class='ocrx_word' id='word_1_169' title='bbox 604 3122 750 3186; x_wconf 89' lang='lat' dir='ltr'>ditaverit</span> <span class='ocrx_word' id='word_1_170' title='bbox 766 3132 797 3186; x_wconf 93' lang='lat' dir='ltr'>et</span> <span class='ocrx_word' id='word_1_171' title='bbox 815 3144 897 3185; x_wconf 92' lang='lat' dir='ltr'>nova</span> <span class='ocrx_word' id='word_1_172' title='bbox 914 3143 1018 3186; x_wconf 91' lang='lat' dir='ltr'>rerum</span> 
     </span>
     <span class='ocr_line' id='line_1_27' title="bbox 258 3213 1014 3299; baseline 0.001 -23"><span class='ocrx_word' id='word_1_173' title='bbox 258 3214 384 3277; x_wconf 88' lang='lat' dir='ltr'>nomina</span> <span class='ocrx_word' id='word_1_174' title='bbox 405 3214 584 3299; x_wconf 89' lang='lat' dir='ltr'>protulerit?</span> <span class='ocrx_word' id='word_1_175' title='bbox 601 3215 688 3278; x_wconf 88' lang='lat' dir='ltr'>licuit</span> <span class='ocrx_word' id='word_1_176' title='bbox 707 3236 891 3299; x_wconf 91' lang='lat' dir='ltr'>semperque</span> <span class='ocrx_word' id='word_1_177' title='bbox 908 3213 1014 3278; x_wconf 91' lang='lat' dir='ltr'>licebit</span> 
     </span>
     <span class='ocr_line' id='line_1_28' title="bbox 259 3307 1020 3393; baseline 0.003 -24"><span class='ocrx_word' id='word_1_178' title='bbox 259 3307 417 3392; x_wconf 85' lang='lat' dir='ltr'>signatum</span> <span class='ocrx_word' id='word_1_179' title='bbox 434 3318 597 3393; x_wconf 87' lang='lat' dir='ltr'>praesente</span> <span class='ocrx_word' id='word_1_180' title='bbox 614 3318 690 3372; x_wconf 90' lang='lat' dir='ltr'>nota</span> <span class='ocrx_word' id='word_1_181' title='bbox 707 3308 878 3393; x_wconf 89' lang='lat' dir='ltr'>producere</span> <span class='ocrx_word' id='word_1_182' title='bbox 895 3329 1020 3372; x_wconf 90' lang='lat' dir='ltr'>nomen.</span> 
     </span>
     <span class='ocr_line' id='line_1_29' title="bbox 258 3401 1000 3486; baseline 0.005 -24"><span class='ocrx_word' id='word_1_183' title='bbox 258 3411 293 3463; x_wconf 88' lang='lat' dir='ltr'>ut</span> <span class='ocrx_word' id='word_1_184' title='bbox 311 3401 407 3464; x_wconf 86' lang='lat' dir='ltr'>silvae</span> <span class='ocrx_word' id='word_1_185' title='bbox 425 3402 508 3465; x_wconf 92' lang='lat' dir='ltr'>foliis</span> <span class='ocrx_word' id='word_1_186' title='bbox 526 3424 641 3486; x_wconf 90' lang='lat' dir='ltr'>pronos</span> <span class='ocrx_word' id='word_1_187' title='bbox 660 3411 820 3466; x_wconf 89' lang='lat' dir='ltr'>mutantur</span> <span class='ocrx_word' id='word_1_188' title='bbox 835 3402 869 3465; x_wconf 93' lang='lat' dir='ltr'>in</span> <span class='ocrx_word' id='word_1_189' title='bbox 886 3424 1000 3479; x_wconf 83' lang='lat' dir='ltr'>annos3</span> 
     </span>
     <span class='ocr_line' id='line_1_30' title="bbox 259 3488 1097 3577; baseline 0.002 -21"><span class='ocrx_word' id='word_1_190' title='bbox 259 3494 360 3577; x_wconf 90' lang='lat' dir='ltr'>prima</span> <span class='ocrx_word' id='word_1_191' title='bbox 378 3488 506 3572; x_wconf 80' lang='lat' dir='ltr'>c&#39;adunt3</span> <span class='ocrx_word' id='word_1_192' title='bbox 524 3496 568 3559; x_wconf 87' lang='lat' dir='ltr'>ita</span> <span class='ocrx_word' id='word_1_193' title='bbox 585 3495 752 3560; x_wconf 90' lang='lat' dir='ltr'>verborum</span> <span class='ocrx_word' id='word_1_194' title='bbox 770 3504 861 3560; x_wconf 88' lang='lat' dir='ltr'>vetus</span> <span class='ocrx_word' id='word_1_195' title='bbox 879 3495 983 3559; x_wconf 88' lang='lat' dir='ltr'>interit</span> <span class='ocrx_word' id='word_1_196' title='bbox 1001 3505 1097 3571; x_wconf 88' lang='lat' dir='ltr'>aetas,</span> 
     </span>
     <span class='ocr_line' id='line_1_31' title="bbox 259 3588 1058 3674; baseline 0.003 -25"><span class='ocrx_word' id='word_1_197' title='bbox 259 3597 290 3649; x_wconf 92' lang='lat' dir='ltr'>et</span> <span class='ocrx_word' id='word_1_198' title='bbox 307 3588 454 3651; x_wconf 92' lang='lat' dir='ltr'>iuvenum</span> <span class='ocrx_word' id='word_1_199' title='bbox 471 3589 533 3653; x_wconf 88' lang='lat' dir='ltr'>ritu</span> <span class='ocrx_word' id='word_1_200' title='bbox 550 3590 660 3653; x_wconf 88' lang='lat' dir='ltr'>florent</span> <span class='ocrx_word' id='word_1_201' title='bbox 677 3589 771 3654; x_wconf 91' lang='lat' dir='ltr'>modo</span> <span class='ocrx_word' id='word_1_202' title='bbox 787 3596 863 3653; x_wconf 83' lang='lat' dir='ltr'>nata</span> <span class='ocrx_word' id='word_1_203' title='bbox 879 3589 1058 3674; x_wconf 89' lang='lat' dir='ltr'>vigentque.</span> 
     </span>
     <span class='ocr_line' id='line_1_32' title="bbox 259 3679 1042 3766; baseline 0.004 -24"><span class='ocrx_word' id='word_1_204' title='bbox 259 3679 410 3744; x_wconf 89' lang='lat' dir='ltr'>debemur</span> <span class='ocrx_word' id='word_1_205' title='bbox 426 3682 518 3746; x_wconf 87' lang='lat' dir='ltr'>morti</span> <span class='ocrx_word' id='word_1_206' title='bbox 535 3705 593 3747; x_wconf 91' lang='lat' dir='ltr'>nos</span> <span class='ocrx_word' id='word_1_207' title='bbox 611 3692 779 3766; x_wconf 90' lang='lat' dir='ltr'>nostraque</span> <span class='ocrx_word' id='word_1_208' title='bbox 785 3707 794 3759; x_wconf 83' lang='lat'><em>3</em></span> <span class='ocrx_word' id='word_1_209' title='bbox 814 3683 880 3746; x_wconf 89' lang='lat' dir='ltr'>sive</span> <span class='ocrx_word' id='word_1_210' title='bbox 897 3691 1042 3765; x_wconf 88' lang='lat' dir='ltr'>receptus</span> 
     </span>
     <span class='ocr_line' id='line_1_33' title="bbox 259 3774 1000 3867; baseline 0.003 -30"><span class='ocrx_word' id='word_1_211' title='bbox 259 3789 341 3837; x_wconf 88' lang='lat' dir='ltr'>terra</span> <span class='ocrx_word' id='word_1_212' title='bbox 357 3774 522 3859; x_wconf 88' lang='lat' dir='ltr'>Neptunus</span> <span class='ocrx_word' id='word_1_213' title='bbox 541 3776 657 3841; x_wconf 88' lang='lat' dir='ltr'>classes</span> <span class='ocrx_word' id='word_1_214' title='bbox 676 3775 887 3867; x_wconf 88' lang='lat' dir='ltr'>Aquilonibus</span> <span class='ocrx_word' id='word_1_215' title='bbox 906 3786 1000 3853; x_wconf 89' lang='lat' dir='ltr'>arcet,</span> 
     </span>
     <span class='ocr_line' id='line_1_34' title="bbox 257 3866 1073 3953; baseline 0.002 -24"><span class='ocrx_word' id='word_1_216' title='bbox 257 3866 341 3951; x_wconf 89' lang='lat' dir='ltr'>regis</span> <span class='ocrx_word' id='word_1_217' title='bbox 360 3890 454 3952; x_wconf 89' lang='lat' dir='ltr'>opus,</span> <span class='ocrx_word' id='word_1_218' title='bbox 474 3869 626 3933; x_wconf 88' lang='lat' dir='ltr'>sterilisve</span> <span class='ocrx_word' id='word_1_219' title='bbox 644 3870 699 3932; x_wconf 92' lang='lat' dir='ltr'>diu</span> <span class='ocrx_word' id='word_1_220' title='bbox 715 3869 807 3953; x_wconf 93' lang='lat' dir='ltr'>palus</span> <span class='ocrx_word' id='word_1_221' title='bbox 826 3882 961 3953; x_wconf 90' lang='lat' dir='ltr'>aptaque</span> <span class='ocrx_word' id='word_1_222' title='bbox 978 3868 1073 3933; x_wconf 90' lang='lat' dir='ltr'>remis</span> 
     </span>
     <span class='ocr_line' id='line_1_35' title="bbox 258 3954 1004 4047; baseline 0.003 -24"><span class='ocrx_word' id='word_1_223' title='bbox 258 3960 377 4025; x_wconf 89' lang='lat' dir='ltr'>vicinas</span> <span class='ocrx_word' id='word_1_224' title='bbox 395 3960 489 4025; x_wconf 88' lang='lat' dir='ltr'>urbes</span> <span class='ocrx_word' id='word_1_225' title='bbox 507 3960 562 4025; x_wconf 90' lang='lat' dir='ltr'>alit</span> <span class='ocrx_word' id='word_1_226' title='bbox 580 3971 610 4025; x_wconf 89' lang='lat' dir='ltr'>et</span> <span class='ocrx_word' id='word_1_227' title='bbox 627 3983 723 4047; x_wconf 89' lang='lat' dir='ltr'>grave</span> <span class='ocrx_word' id='word_1_228' title='bbox 742 3962 836 4025; x_wconf 88' lang='lat' dir='ltr'>sentit</span> <span class='ocrx_word' id='word_1_229' title='bbox 854 3954 1004 4039; x_wconf 56' lang='lat' dir='ltr'>aratrum}</span> 
     </span>
     <span class='ocr_line' id='line_1_36' title="bbox 259 4054 1059 4141; baseline 0.004 -25"><span class='ocrx_word' id='word_1_230' title='bbox 259 4076 315 4116; x_wconf 89' lang='lat' dir='ltr'>seu</span> <span class='ocrx_word' id='word_1_231' title='bbox 333 4076 460 4118; x_wconf 89' lang='lat' dir='ltr'>cursum</span> <span class='ocrx_word' id='word_1_232' title='bbox 477 4055 609 4118; x_wconf 89' lang='lat' dir='ltr'>mutavit</span> <span class='ocrx_word' id='word_1_233' title='bbox 626 4055 769 4137; x_wconf 89' lang='lat' dir='ltr'>iniquum</span> <span class='ocrx_word' id='word_1_234' title='bbox 786 4054 936 4141; x_wconf 79' lang='lat' dir='ltr'>frugibus</span> <span class='ocrx_word' id='word_1_235' title='bbox 949 4055 1059 4131; x_wconf 86' lang='lat' dir='ltr'>amnis,</span> 
     </span>
     <span class='ocr_line' id='line_1_37' title="bbox 258 4146 1021 4233; baseline 0.001 -24"><span class='ocrx_word' id='word_1_236' title='bbox 258 4146 369 4210; x_wconf 89' lang='lat' dir='ltr'>doctus</span> <span class='ocrx_word' id='word_1_237' title='bbox 387 4147 446 4210; x_wconf 93' lang='lat' dir='ltr'>iter</span> <span class='ocrx_word' id='word_1_238' title='bbox 463 4148 589 4212; x_wconf 84' lang='lat' dir='ltr'>melius:</span> <span class='ocrx_word' id='word_1_239' title='bbox 607 4146 750 4211; x_wconf 87' lang='lat' dir='ltr'>mortalia</span> <span class='ocrx_word' id='word_1_240' title='bbox 767 4146 851 4211; x_wconf 89' lang='lat' dir='ltr'>facta</span> <span class='ocrx_word' id='word_1_241' title='bbox 868 4148 1021 4233; x_wconf 86' lang='lat' dir='ltr'>peribunt,</span> 
     </span>
     <span class='ocr_line' id='line_1_38' title="bbox 258 4240 1055 4326; baseline 0.004 -25"><span class='ocrx_word' id='word_1_242' title='bbox 258 4240 375 4302; x_wconf 93' lang='lat' dir='ltr'>nedum</span> <span class='ocrx_word' id='word_1_243' title='bbox 393 4262 572 4304; x_wconf 89' lang='lat' dir='ltr'>sermonum</span> <span class='ocrx_word' id='word_1_244' title='bbox 590 4250 650 4305; x_wconf 91' lang='lat' dir='ltr'>stet</span> <span class='ocrx_word' id='word_1_245' title='bbox 667 4240 767 4304; x_wconf 89' lang='lat' dir='ltr'>honos</span> <span class='ocrx_word' id='word_1_246' title='bbox 786 4248 818 4303; x_wconf 91' lang='lat' dir='ltr'>et</span> <span class='ocrx_word' id='word_1_247' title='bbox 834 4241 934 4326; x_wconf 86' lang='lat' dir='ltr'>gratia</span> <span class='ocrx_word' id='word_1_248' title='bbox 951 4240 1055 4304; x_wconf 80' lang='lat' dir='ltr'>vivax.</span> 
     </span>
     <span class='ocr_line' id='line_1_39' title="bbox 258 4331 1132 4417; baseline 0.003 -24"><span class='ocrx_word' id='word_1_249' title='bbox 258 4331 356 4395; x_wconf 87' lang='lat' dir='ltr'>multa</span> <span class='ocrx_word' id='word_1_250' title='bbox 373 4344 588 4412; x_wconf 88' lang='lat' dir='ltr'>renascentur,</span> <span class='ocrx_word' id='word_1_251' title='bbox 607 4356 688 4417; x_wconf 90' lang='lat' dir='ltr'>quae</span> <span class='ocrx_word' id='word_1_252' title='bbox 706 4334 768 4397; x_wconf 92' lang='lat' dir='ltr'>iam</span> <span class='ocrx_word' id='word_1_253' title='bbox 786 4334 939 4412; x_wconf 91' lang='lat' dir='ltr'>cecidere,</span> <span class='ocrx_word' id='word_1_254' title='bbox 959 4334 1132 4416; x_wconf 89' lang='lat' dir='ltr'>cadentque</span> 
     </span>
     <span class='ocr_line' id='line_1_40' title="bbox 259 4428 1151 4507; baseline 0.004 -20"><span class='ocrx_word' id='word_1_255' title='bbox 259 4445 340 4506; x_wconf 92' lang='lat' dir='ltr'>quae</span> <span class='ocrx_word' id='word_1_256' title='bbox 358 4450 441 4491; x_wconf 92' lang='lat' dir='ltr'>nunc</span> <span class='ocrx_word' id='word_1_257' title='bbox 461 4429 582 4493; x_wconf 89' lang='lat' dir='ltr'>suntin</span> <span class='ocrx_word' id='word_1_258' title='bbox 600 4429 716 4495; x_wconf 90' lang='lat' dir='ltr'>honore</span> <span class='ocrx_word' id='word_1_259' title='bbox 733 4428 900 4507; x_wconf 91' lang='lat' dir='ltr'>vocabula,</span> <span class='ocrx_word' id='word_1_260' title='bbox 920 4428 947 4493; x_wconf 93' lang='lat' dir='ltr'>si</span> <span class='ocrx_word' id='word_1_261' title='bbox 964 4429 1048 4493; x_wconf 86' lang='lat' dir='ltr'>volet</span> <span class='ocrx_word' id='word_1_262' title='bbox 1064 4451 1151 4504; x_wconf 74' lang='lat' dir='ltr'>usuc,</span> 
     </span>
    </p>
   </div>
   <div class='ocr_carea' id='block_1_3' title="bbox 0 0 1622 5442">
    <p class='ocr_par' dir='ltr' id='par_1_3' title="bbox 0 0 1622 5442">
     <span class='ocr_line' id='line_1_41' title="bbox 0 0 1622 5442; baseline 0 0"><span class='ocrx_word' id='word_1_263' title='bbox 0 0 1622 5442; x_wconf 95' lang='lat' dir='ltr'> </span> 
     </span>
    </p>
   </div>
  </div>
 </body>
</html>
