3225 5442
326 699 435 744 XXXII
706 702 745 742 DE
764 701 833 741 VITA
852 702 889 741 ET
907 700 1030 742 scurrula

324 814 353 867 in
363 829 490 881 recessu,
506 830 589 883 quarn
598 810 688 883 prima
697 811 790 866 fronte
800 828 864 881 pro·
882 829 984 865 nomen
1015 806 1115 865 Satiris
1146 816 1263 867 tanturn
1299 813 1427 869 tributum

323 881 467 950 mittit,est
487 898 523 935 ue
532 882 588 935 hoc
597 897 711 950 quoque
720 880 750 933 in
759 896 863 950 genere
882 882 1000 947 vellent,
1018 879 1157 948 Epistolis
1171 882 1335 951 eriperent,
1350 885 1427 936 veluti

325 949 461 1004 sermonis
510 948 630 1003 oratiani
656 949 755 1002 eadem
779 949 864 1017 plane
884 947 978 1001 Schol.
989 954 1055 1002 vett.
1066 949 1103 1001 ad
1112 947 1307 1004 init.Sat.I.1.
1322 951 1427 1017 „Quon-

323 1018 409 1087 ratio,
438 1034 511 1088 quae
530 1018 707 1086 dialogorum
725 1016 863 1069 Platonis.
883 1018 999 1069 uisloco
1019 1016 1096 1082 nain
1117 1016 1427 1089 uiunt,Sutyrum(sati·

323 1084 865 1155 Namdumdisputatioliborrimocursu
882 1034 1017 1155 rarumti
1033 1102 1087 1137 esse
1130 1088 1233 1138 oratius
1251 1088 1311 1156 ipse
1350 1090 1427 1157 rofite·

324 1155 380 1207 huc
394 1154 504 1208 etilluc
521 1158 641 1222 vagatur
659 1157 689 1205 et
705 1150 865 1205 admirabili
883 1162 938 1215 tur,
967 1154 1113 1221 quamsit:
1147 1155 1231 1207 Sunt
1260 1105 1348 1224 quidJ

324 1223 462 1277 facilitate
480 1222 509 1275 in
527 1221 621 1275 varias
639 1219 745 1274 labitur
757 1228 864 1289 partes,
882 1222 986 1273 satira
1000 1222 1110 1273 videar
1123 1222 1220 1274 nimis
1240 1239 1322 1275 acer
1339 1233 1369 1277 et
1385 1226 1427 1276 ul·

323 1296 356 1344 ut
373 1307 527 1361 sanequam
542 1288 736 1342 difficillimum
757 1288 793 1341 sit
811 1287 865 1341 sin·
884 1301 935 1341 tra
953 1291 1050 1356 leqem
1068 1290 1198 1341 tendere
1223 1308 1323 1359 opus,·
1352 1302 1427 1345 tumen

325 1359 455 1438 gularum
491 1357 625 1426 deinceps
662 1356 865 1409 sententiarum
879 1358 1003 1427 proprios
1013 1358 1100 1409 titulos
1110 1358 1427 1423 uoluiter'accommodmi,

324 1431 482 1479 runeturam
492 1430 521 1481 et
531 1424 732 1478 connexionem
741 1425 865 1478 animad-
881 1426 1070 1494 pn'moslz‘bros
1082 1428 1287 1488 Sermonum,
1305 1430 1426 1497 posterio-

324 1498 448 1561 vertere,
466 1492 672 1547 fierisanenon
682 1498 786 1561 potest,
797 1491 865 1562 quin
884 1512 924 1546 res
934 1493 1312 1562 Epistularumscrilreus.“
1332 1495 1426 1551 Virta

325 1561 398 1614 inter
411 1561 562 1631 legendum
577 1560 696 1615 subinde
710 1559 740 1613 in
753 1560 865 1613 eumin·
884 1577 947 1614 men
962 1560 1097 1614 credibile
1113 1567 1157 1613 est
1170 1560 1267 1629 ipsum
1280 1562 1426 1617 Horatium

326 1629 438 1683 ducaris
457 1629 634 1697 sententiam,
651 1635 684 1681 ut
701 1628 772 1682 nihil
788 1628 864 1681 aliud
884 1630 936 1683 hos
963 1629 1061 1682 titulos
1086 1628 1141 1681 isto
1169 1630 1259 1682 modo
1311 1631 1424 1698 osuisse,

325 1697 372 1767 agi
383 1697 532 1765 existimes,
542 1697 597 1750 nisi
607 1698 662 1750 hoc
671 1715 768 1766 unum,
778 1705 811 1749 ut
819 1713 865 1751 res
885 1714 967 1767 quem
978 1702 1053 1750 certe
1065 1702 1177 1750 constat
1192 1697 1282 1751 ctiam
1319 1700 1425 1769 pistolis

324 1767 354 1819 in
381 1766 615 1836 disceptationem
642 1771 760 1819 vocatae
788 1764 864 1818 varie
885 1766 942 1819 suis
962 1782 1120 1819 sermonum
1137 1782 1244 1829 nomen
1263 1783 1325 1821 non
1340 1769 1426 1821 adem·

324 1836 536 1905 perpendantur
550 1839 578 1887 et
588 1832 638 1886 otii
651 1834 734 1903 quasi
746 1832 866 1886 fallendi
883 1840 942 1887 tum
957 1832 1088 1886 voluisse.
1111 1832 1197 1896 Quod
1211 1840 1312 1888 autern
1327 1836 1424 1890 satirae

325 1903 417 1972 gratia
435 1903 464 1955 in
486 1902 578 1956 varias
601 1907 696 1969 partes
719 1907 866 1955 versentur
883 1902 912 1954 in
927 1907 994 1955 vett.
1006 1902 1088 1954 codd.
1104 1901 1189 1954 etiam
1199 1901 1370 1971 Ecloqurum
1382 1920 1425 1957 no·

325 1972 404 2024 nullo
416 1976 527 2024 servato
539 1969 775 2039 ordinonulloque
786 1976 864 2023 certo
884 1970 956 2023 mine
966 1970 1020 2022 insi
1060 1968 1162 2036 iuntur,
1179 1969 1215 2026 de
1226 1986 1287 2039 quo
1299 1990 1325 2025 v.
1337 1970 1425 2026 Schol.

223 2038 229 2049 ’
323 2039 482 2108 proposito,
490 2056 575 2109 quum
586 2037 697 2090 interim
714 2054 761 2091 res
778 2038 865 2108 longe
884 2037 968 2107 Cruq.
978 1986 1060 2092 adff
1071 2039 1095 2104 1,
1106 2038 1138 2105 1,
1155 2036 1277 2091 dubium
1291 2046 1339 2094 est
1354 2057 1424 2107 sane,

325 2107 408 2160 aliter
426 2123 488 2160 sese
507 2107 620 2160 habeat.
629 2104 740 2158 Etenim
758 2106 866 2160 habent
884 2107 998 2175 quando
1021 2103 1105 2158 huius
1128 2106 1337 2174 appellationis
1364 2125 1425 2162 usus

326 2191 394 2238 sane
418 2175 520 2230 satirae
539 2173 728 2241 Horatianae,
755 2180 788 2227 ut
809 2174 864 2227 iam
884 2182 998 2227 exortus
1010 2172 1053 2226 sit.
1076 2174 1149 2228 Nam
1163 2176 1424 2255 ecloqaequumpo-

289 2306 292 2311 .
325 2249 409 2303 antea
427 2243 555 2311 diximus,
573 2243 629 2295 hoc
644 2242 698 2294 sibi
711 2242 864 2310 proprium,
885 2242 1002 2296 steriore
1021 2246 1115 2297 aetate
1139 2240 1255 2295 omnino
1277 2244 1426 2299 dictasint

326 2310 404 2380 quod
418 2310 548 2363 omnibus
566 2310 625 2363 fere
641 2316 725 2380 atque
745 2310 865 2380 singulis
885 2310 997 2380 singula
1006 2309 1148 2379 poematia
1162 2309 1425 2366 brevioraemultis

325 2395 383 2431 una
401 2378 496 2446 aliqua
514 2394 604 2446 eaque
622 2378 786 2447 principalis
801 2380 865 2432 sub·
884 2379 946 2432 aliis
961 2379 1073 2432 delecta
1086 2378 1152 2431 etin
1166 2376 1272 2447 vulgus
1284 2380 1373 2448 edita,
1392 2380 1425 2434 vi·

324 2444 400 2499 iecta
414 2444 554 2497 sententia
568 2449 624 2512 est,
643 2445 680 2496 ad
694 2462 778 2514 quam
789 2447 864 2501 deni·
885 2448 967 2499 detur
976 2447 1031 2500 hoc
1041 2463 1143 2500 nomen
1154 2446 1334 2515 optimoiure
1345 2448 1425 2503 etiam

327 2529 381 2582 que
401 2511 507 2578 omnia,
535 2513 570 2564 de
589 2511 691 2581 quibus
711 2514 865 2582 disseritur,
884 2515 1020 2593 adlyrica
1034 2513 1157 2568 carmina
1171 2514 1425 2585 etEpistolasHo-

325 2586 469 2649 tamquam
492 2579 560 2632 solis
582 2580 654 2633 radii
676 2582 713 2634 ad
740 2592 866 2645 centrum
884 2582 1101 2636 ratirtransferri
1110 2581 1248 2650 potuisse.
1259 2582 1425 2647 Quinetiam

327 2665 407 2701 suum
434 2647 606 2717 referuntur,
631 2648 753 2719 ideoque
781 2651 865 2704 etiam
884 2650 1425 2708 reveraitafactumesseconstat.Nam

327 2714 436 2768 sollerti
451 2731 538 2784 opera
550 2715 591 2769 ita
605 2722 671 2770 sunt
682 2715 865 2798 compositae,
885 2717 1036 2772 Suetonius
1070 2717 1162 2771 uidem
1180 2717 1210 2769 in
1227 2717 1299 2773 Vita
1316 2720 1426 2775 Horatii

1344 1174 1379 1208 us
1402 1158 1428 1208 r'n

325 2789 366 2849 ut,
381 2783 449 2837 licet
463 2800 553 2837 sermo
563 2784 592 2837 in
606 2785 641 2838 iis
655 2802 728 2907 vago
742 2792 865 2841 mcerto-
883 2804 911 2856 p.
920 2786 962 2841 50.
975 2788 1019 2840 ed.
1069 2785 1118 2840 olf.
1144 2784 1308 2853 Epistolam
1323 2790 1360 2843 ad
1373 2788 1426 2842 Au·

327 2867 382 2921 que
396 2850 497 2905 itinere
512 2853 644 2907 oberrare
663 2855 689 2906 vi
712 2860 805 2923 eatur,
825 2860 865 2908 ta·
885 2860 997 2925 gustum
1012 2871 1045 2908 eo
1060 2853 1172 2907 nomine
1185 2853 1353 2924 insignivit,
1373 2856 1425 2910 Au·

325 2934 390 2972 men
409 2919 497 2973 omnis
517 2921 559 2974 dis
580 2922 670 2975 utatio
690 2922 811 2991 denique
830 2923 866 2976 ad
886 2922 982 2976 sonius
992 2921 1174 3001 autemldyll.
1184 2920 1226 2973 11.
1244 2924 1333 2977 odam
1343 2926 1425 2979 unde·

326 3003 412 3040 unum
421 2988 542 3058 aliquem
574 3007 638 3044 nem
649 2990 793 3060 dirigatur.
816 2992 865 3044 At·
885 2990 1046 3043 vicesimam
1070 2989 1136 3043 librr
1162 2988 1238 3043 tertii
1263 2988 1425 3046 Carminum

327 3072 381 3125 que
399 3056 471 3111 haec
489 3075 574 3127 quum
592 3058 632 3111 ita
651 3075 713 3112 sese
731 3058 865 3126 habeant,
885 3059 1014 3128 eclogam
1030 3062 1121 3112 vocat
1147 3057 1191 3109 Ex
1209 3074 1267 3127 quo
1287 3060 1424 3130 liquidum

326 3126 528 3193 propemodum
560 3131 660 3194 sponte
690 3125 865 3197 intelligitur,
885 3131 941 3193 est,
959 3125 1080 3179 Ausonii
1097 3130 1204 3194 aetate,
1228 3125 1285 3179 hoc
1306 3135 1353 3182 est
1370 3145 1425 3182 sae·

327 3208 377 3244 cur
389 3198 475 3261 poeta
492 3193 554 3261 ipse
573 3211 621 3247 cas
639 3211 696 3247 non
709 3195 793 3249 modo
812 3213 865 3248 ser·
886 3195 949 3248 culo
964 3200 1029 3262 post
1044 3193 1108 3246 Chr.
1117 3211 1145 3247 n.
1161 3199 1279 3264 quarto,
1299 3198 1424 3250 nondum

326 3263 397 3312 moni
415 3261 563 3329 propiores
586 3262 787 3331 iudicaverit,1
816 3264 865 3316 sed
885 3263 985 3316 eumlo
1007 3262 1093 3315 uendi
1107 3279 1188 3314 usum
1203 3261 1381 3334 obtinuisse,
1398 3269 1425 3316 ut

327 3326 410 3379 ctiam
427 3346 575 3380 sermonum
596 3330 708 3384 nomine
730 3331 865 3401 insignire
885 3330 993 3384 Satirae
1034 3329 1115 3383 oratii
1129 3328 1227 3382 eximie
1242 3330 1375 3402 Eclogae
1389 3332 1425 3385 di·

326 3410 384 3445 non
394 3394 572 3448 dubitaverit.
599 3396 671 3450 Nam
682 3400 794 3451 omnino
805 3399 865 3468 qui·
885 3404 1021 3453 serentur.
1052 3397 1269 3461 Quamobrem
1288 3400 1332 3453 sic
1351 3400 1425 3454 vide·

327 3461 391 3513 dem
408 3479 555 3513 sermonum
573 3479 675 3515 nomen
693 3466 791 3534 negari
808 3484 866 3519 non
884 3474 930 3520 tur
947 3483 982 3520 ea
1000 3467 1036 3521 de
1058 3482 1088 3519 re
1107 3464 1261 3519 existimari
1284 3473 1423 3537 oportere,

326 3532 422 3596 potest
439 3528 530 3596 ipsum
548 3528 697 3583 Horatium
715 3532 744 3585 in
759 3531 865 3588 Satiras
884 3535 1085 3602 utEcloparum
1095 3550 1197 3588 nomen
1207 3550 1223 3587 a
1233 3534 1424 3602 grammaticis

328 3611 394 3647 suas
420 3595 526 3664 pariter
552 3603 638 3667 atque
667 3598 697 3651 in
721 3599 865 3669 Epistolas
884 3601 1049 3671 posterioris
1067 3601 1179 3656 demum
1202 3602 1306 3656 aetatis
1328 3602 1425 3657 Satiris

328 3661 432 3730 optime
442 3664 592 3717 convenire
602 3664 781 3735 iudicavisse,
792 3671 866 3724 conf.
884 3671 1018 3723 tributum
1037 3686 1100 3723 esse
1119 3673 1246 3748 putetur,
1272 3678 1425 3750 propterea

328 3728 386 3783 Sat.
397 3730 419 3783 I.
429 3731 454 3797 4,
464 3731 538 3802 42sq
560 3773 565 3784 .
584 3732 674 3802 Epist.
682 3733 705 3787 Ι.
718 3734 782 3788 4in.
792 3737 830 3792 H.
840 3739 865 3809 1,
886 3739 963 3807 quod
972 3737 1425 3807 parscarmrnumVirgrlianorum

326 3796 385 3877 ibt).
395 3797 432 3851 II.
442 3798 467 3866 2,
482 3799 524 3852 60.
539 3749 655 3871 qltaque
670 3803 813 3858 verissime
827 3809 866 3858 iu·
884 3807 924 3858 ita
933 3806 1078 3873 appellata
1088 3810 1174 3858 eratl

327 3865 439 3920 dicasse
449 3866 592 3936 videntur,
612 3868 660 3939 qui
674 3869 866 3939 Epistolarum
909 3873 1014 3927 Verum
1025 3872 1093 3926 satis
1102 3872 1174 3926 haec
1185 3878 1269 3926 sunto
1277 3874 1425 3930 deHoratii

326 3939 412 4004 atque
432 3934 585 3990 Satirarum
603 3937 734 3993 universo
754 3958 787 3994 co
825 3942 867 3995 ori
886 3940 993 3995 Satiris.
1004 3940 1425 4013 Quibusitadisputatisspontc

326 4006 481 4057 Sermonum
515 4021 618 4060 nomen
651 4005 799 4077 impertien
820 4027 867 4062 um
885 4007 1001 4077 patebit,
1018 4008 1127 4077 opinor,
1144 4008 1223 4062 cuius
1238 4010 1355 4079 generis
1369 4010 1425 4065 fue

328 4086 390 4125 csse
401 4079 576 4127 censuerunt.
594 4074 706 4128 Etenim
714 4075 754 4130 ita
762 4079 866 4132 Satires
884 4076 1090 4144 rintpoemata‚
1102 4076 1351 4147 quibusHoratius
1362 4079 1425 4133 inde

328 4139 494 4208 etEpr'stolue
502 4148 648 4210 vocantur,
659 4144 749 4198 sicubi
759 4146 866 4199 alterae
884 4145 920 4198 ab
932 4149 1106 4213 eotempore‚
1114 4144 1425 4214 quoprimumanimum

328 4206 364 4259 ab
375 4207 471 4262 alteris
482 4209 688 4280 discernuntur,
698 4228 782 4281 quum
792 4230 866 4267 com·
885 4213 921 4265 ad
931 4211 1031 4281 poesin
1041 4212 1426 4283 applicuit,interpopularcs

327 4289 410 4327 mune
419 4282 599 4349 utrarumque
609 4296 711 4333 nomen
719 4298 866 4334 sermonum
885 4298 950 4334 suos
960 4279 1131 4334 inclaruerit.
1149 4280 1225 4333 Hlud
1235 4298 1324 4335 unum
1333 4283 1427 4336 adhuc

329 4339 372 4392 sit.
398 4341 574 4414 Quamquam
586 4347 702 4400 fuerunt
718 4347 767 4417 qui
784 4349 866 4402 aliter
885 4348 1133 4402 demonstrandum
1148 4347 1272 4416 videtur,
1289 4351 1370 4419 quod
1384 4366 1425 4403 su·

330 4406 668 4493 Qflfflmarent
677 4430 711 4467 ⁹⁴⁰
720 4432 866 4469 mmmm
908 4454 919 4491 1
934 4463 956 4491 v.
965 4453 1064 4502 Heynlns
1077 4443 1190 4502 Dlsqulslt.
1205 4453 1232 4492 de
1246 4455 1337 4495 carmin.
1348 4454 1425 4495 Bucol.

354 4496 365 4532 1
380 4495 424 4535 Sat.
434 4497 451 4535 1.
462 4500 481 4545 4,
492 4500 567 4548 rasqq.
884 4515 905 4553 p.
915 4506 960 4543 231.
970 4505 994 4544 Τ.
1005 4505 1022 4543 1.
1033 4505 1066 4544 ed.
1077 4506 1096 4543 d.
