3225 5442
479 725 752 783 EPISTOLARUM
772 725 845 781 LIB.
860 727 897 781 ΙΙ.
1140 713 1204 778 209

174 897 208 954 ut
224 885 302 951 nihil
319 883 486 961 anteferat,
504 884 582 948 nihil
599 884 660 948 illis
679 892 852 968 comparet3
871 894 961 948 errat.
1223 905 1254 953 65

174 982 201 1047 si
218 980 374 1064 quaedam
392 979 486 1043 nimis
504 978 646 1061 antique,
666 977 693 1041 si
710 978 860 1062 pleraque
878 977 955 1042 dure

174 1076 277 1157 dicere
295 1074 393 1138 credit
411 1095 479 1150 eos,
497 1073 612 1159 ignave
629 1072 729 1135 multa
746 1072 862 1136 fatetur
868 1095 877 1149 ;

174 1178 204 1235 et
222 1168 305 1253 sapit
322 1176 353 1230 et
370 1187 495 1229 mecum
512 1166 589 1229 facit
607 1175 638 1229 et
655 1165 732 1229 Iove
749 1165 867 1229 iudicat
885 1187 995 1247 aequo

174 1284 237 1327 uon
255 1259 400 1343 equidem
417 1260 555 1324 insector
572 1259 766 1341 delendaque
785 1259 923 1322 carmina
940 1258 1016 1321 Livi

175 1377 245 1420 esse
261 1376 345 1429 reor,
364 1352 492 1416 memini
510 1374 591 1435 quae
608 1351 775 1438 plagosum
793 1352 871 1416 mihi
887 1367 985 1437 parvo
1223 1370 1255 1417 70

175 1441 334 1515 Orbilium
352 1446 468 1510 dictare
474 1470 484 1523 3
503 1446 560 1510 sed
579 1445 743 1510 emendata
760 1445 859 1510 videri

176 1540 366 1628 pulchraque
385 1549 416 1603 et
433 1539 551 1603 exactis
569 1538 733 1602 minimum
750 1538 899 1603 distantia
916 1538 1024 1602 miror:

176 1638 255 1700 inter
272 1655 353 1716 quae
370 1632 501 1697 verbum
519 1632 646 1696 emicuit
664 1632 692 1696 si
709 1632 789 1697 forte
807 1632 955 1696 decorum
974 1641 1005 1694 et

177 1729 202 1794 si
222 1749 331 1791 versus
348 1726 454 1812 paullo
472 1725 652 1790 concinnior
668 1748 751 1790 unus
769 1736 800 1790 et
818 1726 909 1802 alter,

177 1822 289 1886 iniuste
308 1831 407 1885 totum
424 1820 511 1883 ducit
527 1819 696 1902 venditque
713 1841 836 1903 poema.

177 1915 321 2000 indignor
338 1913 509 1997 quidquam
526 1912 725 1998 reprehendi,
743 1936 808 1977 non
825 1913 899 1995 quia
917 1933 1022 1979 erasse

178 2008 384 2093 compositum
400 2006 565 2092 illepideve
582 2016 722 2091 putetur,
742 2006 799 2070 sed
816 2006 890 2089 quia
907 2028 1020 2090 nuper3

179 2125 234 2166 nec
252 2101 376 2165 veniam
394 2102 544 2184 antiquis,
565 2101 621 2164 sed
638 2101 788 2165 honorem
808 2110 839 2164 et
856 2099 994 2184 praemia
1011 2099 1108 2183 posci.

179 2204 259 2260 recte
276 2216 375 2258 necne
393 2215 518 2258 crocum
536 2194 691 2277 floresque
708 2192 903 2278 perambulet
920 2192 1017 2256 Attae

179 2287 285 2353 fabula
302 2288 329 2350 si
347 2286 501 2364 dubitem,
522 2287 657 2352 clament
673 2288 804 2373 periisse
822 2288 974 2371 pudorem

180 2381 280 2447 cuncti
297 2403 397 2466 paene
414 2391 533 2465 patres,
553 2404 591 2446 ea
607 2405 704 2466 quum
723 2382 950 2467 reprehendere
968 2403 1071 2457 coner,

181 2498 256 2560 quae
274 2476 379 2561 gravis
397 2476 561 2561 Aesopus,
580 2498 661 2558 quae
679 2478 789 2542 doctus
809 2477 945 2541 Roscius
963 2476 1041 2561 egit3

182 2570 227 2633 rel
244 2570 318 2653 quia
335 2569 380 2632 nil
396 2579 516 2633 rectum
533 2570 595 2634 nisi
613 2571 698 2653 quod
715 2572 833 2655 placuit
851 2570 912 2635 sibi
929 2571 1057 2646 ducunt,

182 2664 227 2726 uel
245 2663 316 2745 quia
335 2671 424 2748 turpe
441 2672 553 2748 putant
569 2686 679 2749 parere
697 2665 869 2729 minoribus
888 2675 919 2730 et
937 2686 1017 2747 quae

184 2755 308 2820 mberbi
325 2757 461 2823 didicere
480 2780 571 2822 senes
589 2759 749 2843 perdenda
766 2760 867 2823 fateri.

187 2873 240 2913 am
259 2848 379 2915 Saliare
395 2850 518 2915 Numae
536 2874 662 2915 carmen
679 2853 734 2936 qui
750 2853 871 2930 laudat,
891 2863 922 2917 et
939 2853 1026 2928 illud,

184 2944 262 3027 quod
279 2967 403 3009 mecum
420 2945 558 3030 ignorat,
578 2946 663 3012 solus
681 2946 749 3010 vult
767 2947 846 3010 seire
865 2947 973 3023 videri,

187 3038 310 3124 ngeniis
327 3060 391 3102 non
408 3039 460 3102 ille
478 3039 565 3103 favet
581 3040 763 3123 plauditque
782 3040 922 3124 sepultis,

186 3141 283 3196 rostra
301 3132 358 3195 sed
375 3132 552 3217 impugnat,
571 3155 629 3197 nos
648 3142 817 3216 nostraque
834 3132 950 3197 lividus
968 3132 1042 3197 odit.

186 3225 290 3309 quodsi
309 3235 372 3288 tam
392 3223 495 3291 Graiis
514 3227 636 3291 novitas
655 3227 756 3290 invisa
774 3226 886 3290 fuisset

187 3341 272 3402 luam
290 3317 396 3396 nobis,
414 3319 490 3402 quid
508 3342 591 3384 nunc
609 3330 693 3384 esset
711 3320 821 3383 vetus?
838 3328 892 3382 aut
909 3318 985 3402 quid
1002 3317 1140 3393 haberet,

187 3412 262 3495 quod
279 3412 397 3497 legeret
415 3413 588 3497 tereretque
606 3414 721 3476 viritim
738 3413 883 3498 publicus
901 3412 998 3478 usus?

188 3516 213 3567 rt
230 3505 366 3589 primum
383 3505 493 3589 positis
512 3508 623 3592 nugari
642 3505 777 3572 Graecia
794 3506 885 3572 bellis

188 3599 281 3683 eoepit
299 3599 380 3664 etin
397 3600 508 3663 vitium
526 3600 651 3665 fortuna
667 3601 766 3666 labier
783 3624 894 3685 aequa,

189 3714 261 3755 runc
279 3692 464 3757 athletarum
483 3695 594 3759 studiis
612 3718 695 3759 nunc
713 3696 789 3761 arsit
807 3718 968 3779 equorum,

190 3789 342 3851 narmoris
361 3799 415 3852 aut
433 3789 536 3856 eboris
555 3790 661 3855 fabros
679 3800 734 3854 aut
751 3792 832 3855 aeris
850 3793 976 3867 amavit,

190 3882 343 3965 suspendit
360 3883 445 3967 pieta
464 3884 583 3947 vultum
601 3893 801 3968 mentemque
821 3885 945 3960 tabella,

191 3996 261 4037 runc
279 3974 459 4040 tibicinibus
478 4000 562 4041 nunc
580 3988 628 4043 est
645 3978 756 4063 gavisa
774 3978 947 4062 tragoedis3

194 4067 238 4133 ub
255 4070 376 4135 nutrice
394 4072 499 4157 puella
516 4072 601 4136 velut
620 4073 647 4137 si
664 4074 785 4136 luderet
800 4071 916 4148 infans,

192 4163 263 4246 [uod
281 4164 394 4249 cupide
411 4166 513 4249 petiit,
532 4175 652 4231 mature
669 4168 762 4253 plena
779 4165 912 4248 reliquit.

193 4256 255 4339 quid
271 4258 376 4343 placet
393 4270 447 4324 aut
464 4260 536 4325 odio
555 4269 616 4338 est,
635 4262 720 4344 quod
737 4284 800 4325 non
818 4258 966 4323 mutabile
985 4255 1114 4321 credas?

194 4374 238 4416 roe
255 4375 351 4437 paces
370 4353 508 4419 habuere
525 4354 627 4420 bonae
643 4355 790 4437 ventique
810 4353 939 4417 secundi
1023 4401 1025 4405 -

194 4446 314 4510 lomae:
334 4447 424 4513 dulce
443 4449 498 4513 diu
514 4448 575 4514 fuit
592 4460 623 4515 et
641 4450 790 4515 sollemne
808 4449 931 4513 reclusa

230 4563 345 4607 Hvrutias.
1000 4556 1037 4612 14
