3225 5442
534 734 759 792 SATIRARUM
775 734 850 790 LIB.
863 735 886 790 Ι.

577 1035 759 1126 sarran
780 1035 843 1094 rx.

148 1163 168 1198 ⁵⁵
180 1187 182 1191 ’
193 1182 287 1249 Ibam
304 1181 385 1246 forte
403 1180 455 1245 via
472 1201 575 1255 sacra,
595 1177 676 1241 sicut
693 1200 782 1242 meus
800 1186 850 1240 est
866 1199 935 1241 mos

193 1278 302 1343 nescio
321 1275 396 1360 quid
414 1274 569 1341 meditans
588 1295 759 1358 nugarum,
779 1281 862 1335 totus
880 1271 914 1334 in
931 1271 1002 1335 illis.

148 1409 170 1442 :.·
193 1373 330 1439 accurrit
346 1371 474 1454 quidam
492 1393 533 1433 no
534 1379 585 1432 tus
534 1368 680 1432 tmihi
698 1367 824 1430 nominc
842 1376 973 1443 tantum,

193 1475 380 1552 arreptaque
398 1486 507 1527 manu·
528 1462 624 1545 „quid
641 1461 724 1547 agis,
743 1460 925 1524 dulcissime
942 1460 1088 1524 rerum?“

196 1560 365 1639 „suaviten
379 1567 415 1622 ut
428 1580 511 1621 nunc
521 1564 577 1633 est,
581 1556 622 1590 “
613 1577 751 1638 mquam,
768 1563 819 1632 „et
832 1555 924 1639 cupio
938 1554 1043 1618 omnia
1056 1576 1136 1637 quae
1147 1555 1225 1619 visf‘
1245 1578 1260 1622 s

194 1676 294 1738 quum
312 1654 536 1717 adsectaretur:
557 1672 653 1729 „num
671 1648 855 1732 quidvis?“
875 1670 1004 1732 occupo.
1023 1648 1134 1725 atille,

196 1747 302 1825 „noris
321 1750 414 1823 nos,“
433 1745 548 1829 inquit,
569 1743 672 1822 „docti
691 1746 830 1807 sumus.“
850 1741 902 1806 hic
920 1764 994 1827 ego,
1015 1740 1131 1827 „pluris

162 1875 164 1879 ·
195 1841 292 1918 hoc‚“
311 1840 454 1924 inquam,
475 1838 572 1919 „milri
590 1837 681 1902 eris.“
700 1837 814 1900 misere
832 1836 993 1899 discedere
1011 1858 1174 1918 quaerens,

195 1936 242 1999 irc
260 1935 354 1999 modo
371 1935 474 2011 ocius,
493 1933 650 1997 interdum
669 1931 853 2007 consistere,
872 1930 1030 1994 inaurem

196 2029 300 2094 dicere
318 2028 424 2112 nescio
442 2027 517 2111 quid
534 2049 650 2112 puero,
666 2048 763 2109 quum
782 2025 878 2089 sudor
896 2024 937 2089 ad
954 2024 1034 2088 imos

148 2177 150 2182 .
195 2131 339 2187 manaret
356 2121 446 2186 talos.
465 2144 484 2185 o
502 2131 547 2198 te,
567 2119 703 2196 Bolane‚
723 2117 842 2183 cerebri

195 2217 335 2293 felicem,
355 2214 478 2281 aiebam
495 2215 618 2279 tacitus.
637 2236 735 2296 quum
753 2212 905 2296 quidlibet
922 2211 974 2275 illc

196 2310 341 2396 garriret,
361 2309 462 2385 vicos,
480 2307 591 2373 urbem
608 2307 764 2383 laudaret,
783 2317 819 2369 ut
836 2306 882 2369 illi

150 2441 155 2448 ·
195 2404 241 2467 nil
258 2402 502 2487 respondebam,
522 2402 654 2482 „misere
673 2400 797 2484 cupis,“
817 2400 931 2482 inquit,
951 2398 1072 2477 „abire3

155 2553 162 2560 .
196 2497 380 2561 iamdudum
398 2496 504 2573 video;
523 2496 580 2559 sed
597 2494 641 2558 nil
659 2495 743 2581 agis3
762 2516 863 2577 usque
881 2493 1009 2571 tenebo;
1247 2517 1278 2563 ιιι

196 2613 377 2677 prosequar.
396 2589 470 2654 hinc
483 2612 545 2674 quo
558 2611 642 2653 nunc
656 2589 715 2652 iter
728 2598 776 2652 est
789 2588 887 2653 tibi?“
900 2627 940 2635 —-
952 2588 1016 2667 „nil
1034 2611 1112 2673 opus
1131 2598 1179 2653 est
1197 2598 1228 2653 tc

162 2731 164 2736 ,
197 2684 381 2769 circumagi3
400 2684 557 2766 quendam
574 2683 647 2747 volo
665 2683 766 2747 visere
783 2704 848 2745 non
865 2682 921 2746 tibi
939 2691 1064 2760 notum3

197 2789 283 2842 trans
302 2776 442 2841 Tiberim
459 2777 553 2863 longe
571 2776 666 2841 cubat
682 2777 724 2853 ia,
747 2799 845 2861 prope
865 2775 1011 2842 Caesaris
1029 2776 1166 2841 hortos.“
1186 2816 1228 2824 —-

199 2870 263 2950 „nil
271 2870 372 2934 habeo
381 2871 466 2953 quod
475 2893 578 2957 agam,
589 2881 621 2935 et
629 2894 693 2935 non
701 2872 875 2956 sumpiger3
891 2892 991 2953 usque
1001 2893 1114 2955 sequar
1123 2876 1228 2935 te.“-

198 2964 328 3029 demitto
346 2963 500 3029 auriculas
519 2975 554 3029 ut
570 2965 695 3049 iniquae
714 2965 827 3029 mentis
846 2964 972 3041 asellus,
1170 3004 1172 3009 ·
1246 2984 1279 3032 ιο

197 3079 297 3140 quum
313 3059 440 3143 gravius
459 3059 552 3124 dorso
571 3059 668 3124 subiit
685 3082 775 3123 onus.
794 3058 904 3143 incipit
921 3057 987 3121 ille:

199 3151 246 3229 „si
265 3150 345 3215 bene
362 3174 412 3217 me
430 3153 518 3229 novi,
535 3176 600 3217 non
617 3152 749 3217 Viscum
766 3152 866 3237 pluris
884 3152 1029 3228 amicum,

197 3269 263 3309 non
280 3243 412 3310 Varium
429 3247 526 3312 facies
532 3272 541 3326 ;
560 3270 634 3311 nam
652 3248 722 3330 quis
741 3269 792 3311 me
811 3246 946 3311 scribere
964 3246 1070 3331 plures

197 3348 253 3403 aut
271 3338 362 3403 citius
380 3341 482 3425 possit
497 3341 628 3406 versus?
645 3342 716 3425 quis
734 3340 877 3405 membra
893 3362 1020 3406 movere

196 3432 343 3497 mollius?
359 3434 497 3500 invideat
514 3437 600 3519 quod
617 3445 649 3500 et
666 3435 901 3522 Hermogenes,
920 3457 980 3521 ego
998 3440 1120 3499 canto.“
1140 3474 1181 3481 —
1247 3454 1280 3502 25

196 3527 415 3611 interpellandi
432 3528 520 3593 locus
539 3530 590 3593 hic
608 3539 688 3593 erat:
708 3539 777 3609 „est
794 3530 851 3594 tibi
868 3529 986 3594 mater?

196 3621 335 3706 cognati,
353 3621 424 3703 quis
442 3633 473 3687 te
486 3623 575 3688 salvo
588 3634 636 3689 est
649 3624 771 3709 opus?“
787 3664 828 3671 —
845 3624 949 3704 „haud
961 3624 1039 3688 mihi
1051 3625 1228 3708 quisquam.

196 3736 307 3779 omnes
326 3717 518 3801 composui.“
537 3756 579 3765 -
597 3718 720 3782 felicesl
739 3742 823 3782 nunc
842 3741 901 3805 ego
919 3730 1014 3784 resto.

177 3807 329 3872 confice!
348 3832 483 3893 namque
501 3810 596 3875 instat
614 3811 660 3875 fat
648 3822 714 3874 tum
733 3811 810 3875 mihi
828 3813 930 3889 triste,
951 3811 1080 3907 Sabella

195 3902 283 3983 quod
299 3924 397 3987 puero
415 3904 527 3967 cecinit
514 3904 651 3968 tdivina
669 3915 754 3969 mota
771 3928 851 3969 anus
870 3929 963 3970 urna·
1248 3922 1281 3970 30

197 3993 303 4073 „hunc
320 4018 422 4079 neque
440 3998 508 4062 dira
524 4020 659 4075 venena,
678 4021 737 4063 nec
753 3999 895 4064 hosticus
913 3999 1034 4063 auferet
1052 3999 1146 4074 ensis,

195 4110 257 4152 nec
273 4088 406 4153 laterum
423 4091 513 4156 dolor
530 4103 584 4156 aut
602 4092 713 4169 tussis,
732 4115 791 4157 nec
809 4093 898 4156 tarda
915 4094 1070 4178 podagra3

195 4182 342 4267 garrulus
359 4182 443 4249 hunc
461 4186 587 4269 quando
606 4197 769 4251 consumet
787 4190 935 4269 cumque:
954 4185 1111 4268 loquaces,

196 4274 226 4341 si
244 4277 358 4361 sapiat,
377 4278 469 4357 vitet,
489 4278 583 4344 simul
600 4291 694 4364 atque
712 4280 883 4345 adoleverit
900 4285 1017 4344 aetas.“

195 4380 327 4434 ventum
345 4381 411 4436 erat
428 4374 470 4437 ad
487 4373 619 4453 Vestae,
637 4376 775 4459 quarta
766 4398 830 4439 ram
847 4384 935 4460 parte
905 4374 1016 4440 tdiei
1247 4390 1279 4438 35

194 4484 272 4607 prag
273 4464 377 4542 terita,
396 4475 428 4530 ct
445 4489 522 4533 casu
539 4479 614 4534 tunc
630 4469 818 4555 respondere
836 4469 951 4533 vadato

269 4567 365 4609 oratius.
1019 4578 1056 4635 10
