3225 5442
460 724 681 781 SATIRARUM
698 726 773 782 LlB.
787 727 810 779 1.
1084 716 1146 779 127

268 884 339 947 dum
357 883 484 968 gravius
503 905 597 965 quam
614 905 665 946 res
684 883 785 946 trahit.
805 907 845 947 an
864 883 920 948 tibi
938 884 1061 949 abunde

268 1002 285 1041 n
304 978 380 1041 satis
399 986 460 1052 est,
479 999 542 1039 non
559 977 650 1054 illud,
669 977 820 1059 quidquid
838 977 954 1060 ubique
1166 1001 1199 1049 60

269 1071 386 1135 vitare?
403 1070 519 1135 bonam
537 1070 705 1154 deperdere
723 1071 851 1147 famam,

267 1165 299 1229 is
317 1165 480 1240 oblimare,
499 1164 617 1228 malum
635 1174 683 1229 θεῖ
700 1164 899 1247 ubicumque.
918 1166 993 1249 quid
1011 1168 1104 1230 inler-

267 1272 389 1335 atrona,
408 1258 520 1322 aneilla
537 1280 690 1342 peccesne
708 1259 835 1343 togata?

266 1376 283 1415 n
300 1352 421 1416 Fausta
440 1350 547 1416 Sullae
565 1374 676 1438 gener,
696 1352 756 1416 hoc
774 1353 869 1417 miser
887 1376 949 1416 uno

266 1446 424 1529 deeeptus,
443 1467 561 1529 poenas
580 1446 783 1529 deditusque
802 1469 958 1531 superque
1166 1470 1198 1517 65

266 1539 307 1602 tis
326 1549 387 1615 est,
406 1540 521 1624 pugnis
540 1561 651 1603 caesus
670 1540 815 1623 ferroque
832 1541 958 1625 petitus,

283 1634 364 1707 l'ore,
383 1654 481 1715 quum
498 1634 708 1718 Longarenus
727 1634 807 1697 foret
825 1635 918 1698 intus.

265 1726 389 1789 nutonis
407 1725 510 1790 verbis
529 1727 612 1790 mala
630 1737 716 1791 tanta
732 1728 868 1791 videntis

264 1840 329 1883 iaec
347 1820 485 1884 animus:
505 1821 601 1903 „quid
619 1822 666 1885 vis
685 1821 761 1886 tibi?
779 1823 931 1906 numquid
949 1846 1009 1909 ego
1028 1848 1046 1888 u
1065 1836 1095 1889 te

264 1924 438 1999 »regnatum
457 1915 594 1998 deposco
613 1916 741 1980 consule
760 1939 896 1979 cunnum
1165 1941 1197 1987 70

264 2030 314 2090 lue
333 2007 426 2084 stola,
445 2031 516 2072 mea
533 2031 631 2092 quum
649 2010 826 2075 conferbuit
842 2010 930 2074 ira?“

263 2102 428 2186 ponderet?
448 2125 583 2189 „magno
600 2115 688 2188 patre
706 2118 780 2167 nata
796 2105 902 2189 puella
920 2111 997 2169 θεῖ.“

264 2218 282 2259 o
297 2195 428 2270 meliora
445 2207 551 2261 monet
569 2198 805 2283 pugnantiaque
824 2198 892 2262 istis

263 2290 290 2352 is
308 2299 420 2354 natura
437 2312 528 2368 suee3
547 2300 581 2354 tu
600 2292 628 2354 si
645 2292 739 2356 modo
756 2301 841 2355 recte

263 2405 297 2446 re
316 2382 393 2446 velis
411 2405 449 2446 ac
466 2406 529 2449 non
547 2384 698 2470 fugienda
714 2386 858 2470 petendis

262 2475 305 2540 rel
324 2486 377 2540 tuo
395 2478 471 2541 nitio
489 2500 633 2542 rerumne
651 2479 783 2555 labores,
808 2473 811 2478 ’

262 2592 292 2633 re
309 2571 421 2654 putas?
438 2593 548 2654 quare,
567 2595 607 2636 ne
624 2574 781 2658 poeniteat
799 2586 839 2652 te,

261 2676 397 2729 latrones
417 2668 576 2744 sectoriae,
597 2667 680 2730 unde
698 2667 814 2732 laboris

261 2760 326 2822 nire
345 2760 419 2823 mali
437 2769 485 2823 θεῖ
502 2783 596 2843 quam
615 2784 653 2825 ex
671 2785 705 2827 re
723 2763 889 2846 decerpere
908 2763 1038 2828 fructus.

261 2853 292 2930 is
310 2853 384 2916 huic
401 2854 481 2917 inter
499 2856 607 2920 niveos
625 2856 803 2940 viridesque
820 2857 958 2941 lapillos,
978 2897 1019 2904 —
1161 2877 1194 2926 80

260 2949 324 3022 hoe,
345 2946 503 3024 Cerinthe,
523 2958 611 3013 tuum
622 2961 812 3016 —tenerum
826 2960 874 3015 est
887 2951 990 3015 femur
1003 2962 1057 3015 aut
1071 2974 1142 3017 crus

264 3050 358 3124 atque
376 3042 469 3105 etiam
488 3044 600 3109 melius
617 3067 769 3129 persaepe
787 3056 912 3130 togatae
931 3056 988 3109 cst.
1008 3084 1049 3092 ·—

260 3156 288 3211 c,
308 3137 393 3217 quod
410 3158 546 3201 mercem
565 3138 631 3202 sine
649 3139 731 3203 fucis
749 3148 866 3224 gestat3
886 3149 1000 3223 aperte,

259 3229 326 3292 nale
344 3229 452 3307 habet,
471 3232 621 3309 ostendit3
639 3254 697 3296 nec
715 3232 742 3296 si
760 3232 836 3315 quid
854 3232 976 3296 honesti
995 3243 1051 3308 θεῖ,

259 3322 382 3405 rbetque
399 3325 518 3408 palam,
537 3326 659 3408 quaerit
676 3348 738 3409 quo
757 3326 860 3410 tmpia
877 3326 965 3390 celet.
1160 3348 1193 3395 85

259 3417 311 3481 hic
327 3439 396 3481 mos
415 3429 476 3482 est:
496 3419 551 3483 ubi
569 3441 665 3502 equos
684 3431 873 3496 mercantur,
892 3431 1017 3504 opertos

259 3520 296 3587 rt,
315 3533 354 3574 ne
374 3512 401 3575 si
418 3512 530 3590 facies,
548 3523 584 3576 ut
603 3536 710 3598 saepe,
730 3516 843 3579 decora

258 3604 297 3667 lta
313 3606 393 3690 pede
412 3618 473 3683 est,
494 3618 643 3671 emtorem
660 3609 787 3672 inducat
804 3609 952 3685 hiantem,

260 3697 364 3761 lehrae
382 3699 504 3777 clunes,
523 3699 619 3765 breve
636 3703 721 3785 quod
739 3713 847 3787 caput,
867 3704 965 3767 ardua
982 3704 1097 3767 cervix.

257 3802 350 3856 recte:
370 3815 410 3856 ne
428 3796 565 3878 corporis
584 3797 702 3880 optima
723 3798 847 3881 Lyncei
1160 3818 1193 3865 90

259 3885 322 3950 lere
340 3887 452 3965 oculis,
472 3889 626 3974 Hypsaea
644 3893 765 3954 caecior
782 3891 845 3968 illa,

257 3979 294 4043 da
312 3991 393 4059 sunt,
414 3992 545 4067 spectes.
557 4023 596 4030 —
609 4008 647 4063 „o
665 4007 751 4061 erus,
770 4008 789 4049 o
807 3983 1139 4049 brachial“-—verum

256 4120 261 4147 ,
279 4086 407 4152 nasuta,
426 4076 515 4141 brevi
531 4078 627 4142 latere
645 4101 683 4142 ac
700 4079 779 4163 pede
798 4078 893 4163 longo
912 4089 968 4141 est.

256 4189 286 4245 c,
304 4180 427 4252 praeter
444 4170 571 4248 faciem,
590 4172 634 4235 nil
652 4193 777 4235 cernere
794 4172 908 4255 possis,

255 4257 281 4323 ¹ni
300 4261 392 4327 Catia
410 4274 471 4341 est,
490 4265 628 4330 demissa
645 4275 732 4329 veste
750 4265 895 4350 tegentis.

255 4356 323 4420 licta
339 4369 444 4442 petes,
463 4360 545 4423 vallo
565 4361 756 4424 circumdala
773 4399 814 4405 —
834 4383 906 4423 nam
925 4370 955 4422 te

255 4458 266 4512 t
283 4450 427 4515 insanum
446 4492 487 4499 -
505 4454 621 4519 multae
639 4454 696 4518 tibi
714 4463 780 4517 lum
799 4454 937 4518 officient
954 4461 1013 4529 res,
