3225 5442
313 726 376 791 140
649 738 682 803 Q.
696 737 859 794 HORATII
866 736 1008 793 runem

312 896 399 960 audit
417 896 577 959 continuo:
599 896 688 979 „quis
705 895 800 959 homo
819 904 867 959 est
884 895 954 960 hic?
971 918 1033 979 quo
1052 906 1144 981 patre
1162 899 1290 964 natus?“

262 1010 295 1057 30
311 1001 346 1054 ut
364 991 390 1055 si
409 991 462 1073 qui
480 999 620 1075 aegrotet
637 1011 700 1073 quo
719 988 829 1053 morbo
847 989 980 1066 Barrus,
1000 990 1114 1056 haberi

312 1094 344 1148 et
361 1086 465 1169 cupiat
483 1084 653 1161 formosus,
672 1093 723 1147 eat
740 1105 952 1167 quacumque,
970 1084 1086 1168 puellis

311 1179 428 1242 inliciat
445 1201 552 1242 curam
569 1178 738 1261 quaerendi
757 1178 894 1263 singula,
914 1178 997 1261 quali

313 1274 353 1337 sit
370 1272 464 1349 facie,
485 1296 571 1347 sura,
591 1271 676 1354 quali
693 1272 787 1355 pede,
806 1272 914 1348 dente,
933 1272 1045 1356 capillo
1052 1297 1062 1350 ;

313 1367 358 1431 sic
376 1367 429 1449 qui
445 1364 610 1451 promittit,
630 1365 730 1440 cives,
749 1364 860 1429 urbem
879 1364 938 1429 sibi
957 1387 1060 1442 curae,

261 1482 293 1528 35
311 1461 476 1545 imperium
493 1460 560 1524 fore
578 1468 610 1523 et
626 1458 750 1522 Italiam
769 1469 800 1522 et
818 1458 948 1523 delubra
964 1459 1108 1537 deorum,

311 1576 373 1637 quo
391 1562 479 1638 patre
498 1554 539 1617 sit
556 1561 662 1629 natus,
681 1575 757 1615 num
775 1553 883 1638 ignota
899 1561 997 1616 matre
1015 1553 1219 1633 inhonestus,

311 1670 420 1712 omnes
438 1646 584 1711 mortales
603 1668 710 1710 curare
729 1656 760 1710 ct
777 1668 926 1729 quaerere
945 1646 1038 1732 cogit.
1058 1686 1103 1693 -

311 1751 399 1818 tune,
421 1739 508 1825 Syri,
528 1740 666 1817 Damae,
686 1749 741 1804 aut
757 1740 894 1825 Dionysi
911 1739 1008 1816 filius,
1027 1741 1129 1805 audes

311 1836 444 1899 deiicere
462 1857 479 1898 e
499 1858 575 1899 saxo
594 1835 678 1898 cives
698 1844 752 1897 aut
770 1834 891 1900 tradere
911 1832 1052 1897 Cadmo?
1070 1873 1115 1881 —

261 1951 294 1996 40
312 1939 343 1993 at
359 1928 480 1993 Novius
498 1928 619 2014 collega
636 1928 736 2014 gradu
753 1936 826 2012 post
843 1950 894 1991 me
913 1928 1000 1992 sedet
1017 1950 1097 2005 uno;

311 2046 445 2106 namque
460 2032 508 2087 est
524 2023 576 2085 ille
593 2032 682 2106 pater
694 2022 780 2105 quod
797 2032 864 2086 erat
881 2044 980 2085 meus.
999 2060 1041 2069 -
1058 2021 1122 2087 hoe
1140 2024 1202 2089 tibi
1215 2024 1335 2089 Paullus

311 2128 343 2182 et
359 2117 500 2182 Messala
517 2117 652 2181 videris?
669 2126 701 2181 at
717 2117 783 2193 hic,
803 2117 830 2181 si
848 2117 966 2202 plostra
982 2116 1121 2183 ducenta

311 2221 555 2294 concurrantque
574 2211 642 2275 foro
660 2211 719 2274 tria
736 2210 860 2287 funera,
880 2234 994 2295 magna
1012 2210 1149 2288 sonabit,

311 2327 428 2369 cornua
445 2305 530 2387 quod
547 2304 712 2388 vincatque
730 2303 837 2368 tubas:
857 2304 968 2368 saltem
987 2313 1071 2368 tenet
1090 2304 1152 2369 hoe
1170 2328 1240 2371 nos.
1260 2344 1298 2353 -

261 2421 293 2467 45
311 2422 394 2463 nuno
412 2400 452 2463 ad
470 2421 520 2463 me
537 2399 646 2475 rede0,
665 2398 810 2462 libertino
827 2409 915 2483 patre
933 2408 1051 2474 natum,

311 2514 405 2575 quem
422 2494 535 2557 rodunt
553 2516 662 2557 omnes
680 2492 825 2556 libertino
842 2501 931 2577 patre
948 2502 1066 2570 natum,

311 2610 407 2664 nunc,
426 2588 500 2670 quia
518 2587 577 2651 sim
595 2586 665 2663 tibi,
684 2586 869 2663 Maecenas,
889 2586 1061 2664 convictor,
1080 2596 1115 2650 at
1132 2586 1209 2651 olim

311 2682 396 2764 quod
412 2680 489 2743 mihi
506 2690 628 2765 pareret
644 2679 727 2765 legio
744 2678 888 2743 Romana
905 2680 1037 2746 tribuno.

311 2774 461 2839 dissimile
479 2773 537 2837 hoc
555 2773 600 2835 illi
618 2781 679 2851 est3
698 2773 866 2855 quianon,
885 2782 920 2836 ut
937 2773 1027 2837 forsit
1044 2772 1200 2838 honorem

260 2888 293 2935 50
310 2869 376 2931 iure
395 2868 471 2930 mihi
488 2867 626 2931 invideat
643 2867 760 2949 quivis,
779 2867 824 2930 ita
841 2876 871 2930 te
889 2888 1013 2950 quoque
1032 2867 1180 2945 amicum,

309 2961 491 3046 praesertim
509 2970 635 3024 cautum
654 2961 765 3046 dignos
784 2962 949 3025 adsumere
965 2984 1064 3046 prava

310 3055 478 3120 ambitione
497 3056 614 3140 procul.
633 3054 757 3118 felicem
776 3056 878 3118 dicere
896 3078 960 3118 non
977 3054 1037 3120 hoe

309 3172 360 3213 mc
377 3150 510 3234 possim,
530 3171 606 3213 casu
624 3149 708 3231 quod
726 3159 757 3212 te
776 3150 903 3213 sortitus
921 3149 1066 3213 amicum.

309 3243 526 3307 nulla·etenim
544 3242 620 3305 mihi
638 3252 668 3306 te
686 3242 751 3306 fors
770 3242 891 3306 obtulit.
911 3243 1052 3327 optimus
1065 3243 1141 3308 olim

259 3358 291 3403 55
309 3337 474 3423 Virgilius,
493 3346 566 3420 post
583 3337 667 3399 hunc
684 3335 814 3413 Varius,
834 3337 940 3401 dixere
957 3337 1034 3420 quid
1051 3359 1165 3401 essem.

309 3440 344 3493 ut
362 3431 433 3493 veni
451 3453 568 3507 coram,
589 3430 749 3515 singultim
767 3452 868 3514 pauca
884 3430 1032 3513 loquutus
1050 3469 1092 3477 —

308 3525 412 3588 infans
431 3546 566 3606 namque
584 3526 685 3609 pudor
702 3524 887 3609 prohibebat
903 3525 993 3609 plura
1008 3524 1127 3610 profari
1145 3563 1187 3571 —-

309 3640 372 3680 non
390 3640 449 3702 ego
468 3640 517 3681 me
536 3617 618 3682 claro
636 3629 744 3682 natum
761 3628 864 3703 patre,
883 3641 946 3682 non
965 3641 1024 3704 ego
1043 3619 1162 3683 circum

309 3733 360 3774 me
380 3708 565 3776 Satureiano
583 3714 699 3777 vectari
717 3736 790 3777 rura
807 3712 937 3790 caballo,

258 3824 291 3871 60
309 3804 366 3867 sed
383 3806 467 3887 quod
486 3828 571 3869 eram
588 3831 689 3871 narro.
707 3808 893 3892 respondes,
912 3816 948 3871 ut
965 3817 1037 3871 tuus
1056 3815 1105 3870 est
1122 3830 1203 3885 mos,

307 3922 421 3984 pauca:
441 3900 518 3964 abeo
524 3926 533 3978 3
552 3910 583 3964 et
600 3923 728 3966 revocas
746 3924 829 3965 nono
847 3910 919 3987 post
935 3924 1043 3965 mense
1061 3900 1216 3984 iubesque

308 4017 378 4059 csse
396 3995 428 4058 in
446 3995 615 4059 amicorum
633 4018 771 4060 numero.
791 4019 940 4081 magnum
958 3996 1018 4060 hoo
1037 4018 1096 4082 ego
1115 3995 1207 4073 duco,

308 4088 392 4171 quod
408 4089 512 4173 placui
530 4089 599 4166 tibi,
618 4090 673 4173 qui
691 4089 773 4173 turpi
791 4089 927 4174 secernis
946 4089 1113 4154 honestum

308 4205 370 4246 non
388 4193 475 4267 patre
493 4183 652 4268 praeclaro
671 4184 727 4247 sed
745 4183 810 4247 vita
827 4193 858 4247 et
875 4194 1000 4268 pectore
1018 4206 1107 4269 puro.

258 4297 289 4342 65
308 4278 395 4359 atqui
413 4278 439 4340 si
457 4278 538 4341 vitiis
557 4276 764 4341 mediocribus
784 4298 821 4340 ac
838 4300 909 4341 mea
925 4278 1035 4363 paucis

308 4370 457 4433 mendosa
475 4379 523 4434 est
539 4380 663 4447 natura,
683 4370 798 4452 alioqui
816 4381 915 4449 recta3
934 4410 975 4419 —
994 4371 1080 4436 velut
1098 4371 1125 4436 si

308 4463 434 4547 egregio
453 4464 611 4548 inspersos
628 4463 838 4548 reprehendas
857 4487 984 4550 corpore
1002 4487 1120 4530 naevos
1137 4502 1181 4512 -
