<?xml version="1.0" encoding="UTF-8"?>
<!DOCTYPE html PUBLIC "-//W3C//DTD XHTML 1.0 Transitional//EN"
    "http://www.w3.org/TR/xhtml1/DTD/xhtml1-transitional.dtd">
<html xmlns="http://www.w3.org/1999/xhtml" xml:lang="en" lang="en">
 <head>
  <title>
</title>
<meta http-equiv="Content-Type" content="text/html;charset=utf-8" />
  <meta name='ocr-system' content='tesseract 3.04.00' />
  <meta name='ocr-capabilities' content='ocr_page ocr_carea ocr_par ocr_line ocrx_word'/>
</head>
<body>
  <div class='ocr_page' id='page_1' title='image "./qhoratiiflaccio00stalgoog/qhoratiiflaccio00stalgoog_0148.png"; bbox 0 0 3225 5442; ppageno 0'>
   <div class='ocr_carea' id='block_1_1' title="bbox 633 677 999 746">
    <p class='ocr_par' dir='ltr' id='par_1_1' title="bbox 633 677 999 746">
     <span class='ocr_line' id='line_1_1' title="bbox 633 677 999 746; baseline -0.003 -12"><span class='ocrx_word' id='word_1_1' title='bbox 633 682 666 746; x_wconf 87' lang='lat' dir='ltr'><strong>Q.</strong></span> <span class='ocrx_word' id='word_1_2' title='bbox 681 679 846 736; x_wconf 80' lang='grc' dir='ltr'><strong>ΗΟΒΑΤΠ</strong></span> <span class='ocrx_word' id='word_1_3' title='bbox 858 677 999 735; x_wconf 81' lang='lat' dir='ltr'>FLACCI</span> 
     </span>
    </p>
   </div>
   <div class='ocr_carea' id='block_1_2' title="bbox 449 834 1048 1204">
    <p class='ocr_par' dir='ltr' id='par_1_2' title="bbox 449 834 1048 1204">
     <span class='ocr_line' id='line_1_2' title="bbox 449 834 1017 923; baseline -0.005 -21"><span class='ocrx_word' id='word_1_4' title='bbox 449 849 573 923; x_wconf 88' lang='lat' dir='ltr'><strong>portare</strong></span> <span class='ocrx_word' id='word_1_5' title='bbox 591 838 706 914; x_wconf 87' lang='lat' dir='ltr'><strong>fustes,</strong></span> <span class='ocrx_word' id='word_1_6' title='bbox 726 836 773 901; x_wconf 94' lang='lat' dir='ltr'><strong>sol</strong></span> <span class='ocrx_word' id='word_1_7' title='bbox 790 834 845 900; x_wconf 91' lang='lat' dir='ltr'><strong>ubi</strong></span> <span class='ocrx_word' id='word_1_8' title='bbox 862 835 1017 901; x_wconf 91' lang='lat' dir='ltr'><strong>montium</strong></span> 
     </span>
     <span class='ocr_line' id='line_1_3' title="bbox 451 929 1030 1016; baseline -0.003 -21"><span class='ocrx_word' id='word_1_9' title='bbox 451 940 586 996; x_wconf 89' lang='lat' dir='ltr'><strong>mutaret</strong></span> <span class='ocrx_word' id='word_1_10' title='bbox 603 929 731 995; x_wconf 89' lang='lat' dir='ltr'><strong>umbras</strong></span> <span class='ocrx_word' id='word_1_11' title='bbox 749 940 781 994; x_wconf 90' lang='lat' dir='ltr'><strong>et</strong></span> <span class='ocrx_word' id='word_1_12' title='bbox 797 930 873 1016; x_wconf 84' lang='lat' dir='ltr'><strong>iuga</strong></span> <span class='ocrx_word' id='word_1_13' title='bbox 891 931 1030 1015; x_wconf 76' lang='lat' dir='ltr'><strong>‹lemeret</strong></span> 
     </span>
     <span class='ocr_line' id='line_1_4' title="bbox 493 1024 921 1111; baseline -0.007 -21"><span class='ocrx_word' id='word_1_14' title='bbox 493 1024 594 1090; x_wconf 84' lang='lat' dir='ltr'><strong>bobus</strong></span> <span class='ocrx_word' id='word_1_15' title='bbox 614 1024 766 1111; x_wconf 86' lang='lat' dir='ltr'><strong>fatigatis,</strong></span> <span class='ocrx_word' id='word_1_16' title='bbox 785 1024 921 1088; x_wconf 89' lang='lat' dir='ltr'><strong>amicum</strong></span> 
     </span>
     <span class='ocr_line' id='line_1_5' title="bbox 536 1116 1048 1204; baseline 0 -21"><span class='ocrx_word' id='word_1_17' title='bbox 536 1128 659 1204; x_wconf 87' lang='lat' dir='ltr'><strong>tempus</strong></span> <span class='ocrx_word' id='word_1_18' title='bbox 678 1140 775 1204; x_wconf 89' lang='lat' dir='ltr'><strong>agens</strong></span> <span class='ocrx_word' id='word_1_19' title='bbox 793 1116 927 1182; x_wconf 88' lang='lat' dir='ltr'><strong>abeunte</strong></span> <span class='ocrx_word' id='word_1_20' title='bbox 945 1141 1048 1183; x_wconf 87' lang='lat' dir='ltr'><strong>curru.</strong></span> 
     </span>
    </p>
   </div>
   <div class='ocr_carea' id='block_1_3' title="bbox 446 1254 1055 1621">
    <p class='ocr_par' dir='ltr' id='par_1_3' title="bbox 446 1254 1055 1621">
     <span class='ocr_line' id='line_1_6' title="bbox 451 1254 1055 1337; baseline -0.003 -18"><span class='ocrx_word' id='word_1_21' title='bbox 451 1256 603 1319; x_wconf 89' lang='lat' dir='ltr'><strong>damnosa</strong></span> <span class='ocrx_word' id='word_1_22' title='bbox 621 1254 696 1337; x_wconf 88' lang='lat' dir='ltr'><strong>quid</strong></span> <span class='ocrx_word' id='word_1_23' title='bbox 713 1276 777 1318; x_wconf 94' lang='lat' dir='ltr'><strong>non</strong></span> <span class='ocrx_word' id='word_1_24' title='bbox 794 1254 950 1318; x_wconf 78' lang='lat' dir='ltr'><strong>imminuit</strong></span> <span class='ocrx_word' id='word_1_25' title='bbox 967 1254 1055 1319; x_wconf 84' lang='lat' dir='ltr'><strong>dies?</strong></span> 
     </span>
     <span class='ocr_line' id='line_1_7' title="bbox 446 1348 1021 1434; baseline -0.007 -19"><span class='ocrx_word' id='word_1_26' title='bbox 446 1359 531 1415; x_wconf 87' lang='lat' dir='ltr'><strong>aetas</strong></span> <span class='ocrx_word' id='word_1_27' title='bbox 549 1357 726 1434; x_wconf 86' lang='lat' dir='ltr'><strong>parentum,</strong></span> <span class='ocrx_word' id='word_1_28' title='bbox 745 1348 833 1434; x_wconf 92' lang='lat' dir='ltr'><strong>peior</strong></span> <span class='ocrx_word' id='word_1_29' title='bbox 850 1348 932 1426; x_wconf 88' lang='lat' dir='ltr'><strong>avis,</strong></span> <span class='ocrx_word' id='word_1_30' title='bbox 950 1348 1021 1412; x_wconf 88' lang='lat' dir='ltr'><strong>tulit</strong></span> 
     </span>
     <span class='ocr_line' id='line_1_8' title="bbox 493 1442 988 1526; baseline 0.002 -20"><span class='ocrx_word' id='word_1_31' title='bbox 493 1466 551 1507; x_wconf 90' lang='lat' dir='ltr'><strong>nos</strong></span> <span class='ocrx_word' id='word_1_32' title='bbox 569 1442 747 1526; x_wconf 90' lang='lat' dir='ltr'><strong>nequiores,</strong></span> <span class='ocrx_word' id='word_1_33' title='bbox 766 1465 842 1507; x_wconf 86' lang='lat' dir='ltr'><strong>mox</strong></span> <span class='ocrx_word' id='word_1_34' title='bbox 859 1443 988 1507; x_wconf 86' lang='lat' dir='ltr'><strong>daturos</strong></span> 
     </span>
     <span class='ocr_line' id='line_1_9' title="bbox 534 1535 934 1621; baseline -0.005 -21"><span class='ocrx_word' id='word_1_35' title='bbox 534 1536 716 1621; x_wconf 91' lang='lat' dir='ltr'><strong>progeniem</strong></span> <span class='ocrx_word' id='word_1_36' title='bbox 735 1535 934 1601; x_wconf 78' lang='lat' dir='ltr'><strong>vitiosiorem.</strong></span> 
     </span>
    </p>
   </div>
   <div class='ocr_carea' id='block_1_4' title="bbox 643 1761 995 1955">
    <p class='ocr_par' dir='ltr' id='par_1_4' title="bbox 643 1761 995 1955">
     <span class='ocr_line' id='line_1_10' title="bbox 669 1761 962 1822; baseline -0.007 0"><span class='ocrx_word' id='word_1_37' title='bbox 669 1761 866 1822; x_wconf 82' lang='lat' dir='ltr'><strong>OARMEN</strong></span> <span class='ocrx_word' id='word_1_38' title='bbox 887 1763 962 1822; x_wconf 85' lang='lat' dir='ltr'><strong>VII.</strong></span> 
     </span>
     <span class='ocr_line' id='line_1_11' title="bbox 643 1905 995 1955; baseline 0.006 -3"><span class='ocrx_word' id='word_1_39' title='bbox 643 1905 704 1954; x_wconf 78' lang='lat' dir='ltr'><strong>AD</strong></span> <span class='ocrx_word' id='word_1_40' title='bbox 735 1905 995 1955; x_wconf 80' lang='lat' dir='ltr'><strong>ASTERIEN.</strong></span> 
     </span>
    </p>
   </div>
   <div class='ocr_carea' id='block_1_5' title="bbox 451 2029 1119 2376">
    <p class='ocr_par' dir='ltr' id='par_1_5' title="bbox 451 2029 1119 2376">
     <span class='ocr_line' id='line_1_12' title="bbox 453 2029 1119 2112; baseline 0.002 -19"><span class='ocrx_word' id='word_1_41' title='bbox 453 2030 539 2112; x_wconf 80' lang='lat' dir='ltr'><strong>Quid</strong></span> <span class='ocrx_word' id='word_1_42' title='bbox 555 2029 627 2105; x_wconf 87' lang='lat' dir='ltr'><strong>fies,</strong></span> <span class='ocrx_word' id='word_1_43' title='bbox 646 2029 785 2106; x_wconf 82' lang='lat' dir='ltr'><strong>Asterie,</strong></span> <span class='ocrx_word' id='word_1_44' title='bbox 805 2052 900 2112; x_wconf 93' lang='lat' dir='ltr'><strong>quem</strong></span> <span class='ocrx_word' id='word_1_45' title='bbox 917 2030 974 2095; x_wconf 93' lang='lat' dir='ltr'><strong>tibi</strong></span> <span class='ocrx_word' id='word_1_46' title='bbox 993 2030 1119 2094; x_wconf 88' lang='lat' dir='ltr'><strong>candidi</strong></span> 
     </span>
     <span class='ocr_line' id='line_1_13' title="bbox 451 2123 981 2209; baseline 0.002 -22"><span class='ocrx_word' id='word_1_47' title='bbox 451 2125 551 2209; x_wconf 89' lang='lat' dir='ltr'><strong>primo</strong></span> <span class='ocrx_word' id='word_1_48' title='bbox 569 2123 732 2188; x_wconf 87' lang='lat' dir='ltr'><strong>restituent</strong></span> <span class='ocrx_word' id='word_1_49' title='bbox 749 2146 822 2187; x_wconf 86' lang='lat' dir='ltr'><strong>vere</strong></span> <span class='ocrx_word' id='word_1_50' title='bbox 839 2123 981 2202; x_wconf 89' lang='lat' dir='ltr'><strong>Favonii,</strong></span> 
     </span>
     <span class='ocr_line' id='line_1_14' title="bbox 494 2216 880 2301; baseline 0.003 -21"><span class='ocrx_word' id='word_1_51' title='bbox 494 2217 607 2301; x_wconf 84' lang='lat' dir='ltr'>Thyna</span> <span class='ocrx_word' id='word_1_52' title='bbox 624 2239 726 2281; x_wconf 86' lang='lat' dir='ltr'><strong>merce</strong></span> <span class='ocrx_word' id='word_1_53' title='bbox 744 2216 880 2294; x_wconf 85' lang='lat' dir='ltr'><strong>beatum,</strong></span> 
     </span>
     <span class='ocr_line' id='line_1_15' title="bbox 536 2310 948 2376; baseline 0.005 -2"><span class='ocrx_word' id='word_1_54' title='bbox 536 2311 706 2375; x_wconf 89' lang='lat' dir='ltr'><strong>constantis</strong></span> <span class='ocrx_word' id='word_1_55' title='bbox 724 2310 869 2375; x_wconf 87' lang='lat' dir='ltr'><strong>iuvenem</strong></span> <span class='ocrx_word' id='word_1_56' title='bbox 887 2311 948 2376; x_wconf 85' lang='lat' dir='ltr'><strong>fide</strong></span> 
     </span>
    </p>
   </div>
   <div class='ocr_carea' id='block_1_6' title="bbox 452 2446 1081 2817">
    <p class='ocr_par' dir='ltr' id='par_1_6' title="bbox 452 2446 1081 2817">
     <span class='ocr_line' id='line_1_16' title="bbox 453 2446 1081 2533; baseline -0.002 -20"><span class='ocrx_word' id='word_1_57' title='bbox 453 2446 587 2533; x_wconf 87' lang='lat' dir='ltr'><strong>Gygen?</strong></span> <span class='ocrx_word' id='word_1_58' title='bbox 603 2447 655 2510; x_wconf 88' lang='lat' dir='ltr'><strong>illo</strong></span> <span class='ocrx_word' id='word_1_59' title='bbox 672 2446 763 2511; x_wconf 88' lang='lat' dir='ltr'><strong>Notis</strong></span> <span class='ocrx_word' id='word_1_60' title='bbox 782 2456 870 2511; x_wconf 86' lang='lat' dir='ltr'><strong>aetus</strong></span> <span class='ocrx_word' id='word_1_61' title='bbox 889 2448 929 2511; x_wconf 87' lang='lat' dir='ltr'><strong>ad</strong></span> <span class='ocrx_word' id='word_1_62' title='bbox 949 2446 1081 2513; x_wconf 90' lang='lat' dir='ltr'><strong>Oricum</strong></span> 
     </span>
     <span class='ocr_line' id='line_1_17' title="bbox 452 2541 1081 2629; baseline 0 -22"><span class='ocrx_word' id='word_1_63' title='bbox 452 2553 524 2627; x_wconf 93' lang='lat' dir='ltr'><strong>post</strong></span> <span class='ocrx_word' id='word_1_64' title='bbox 540 2543 652 2606; x_wconf 87' lang='lat' dir='ltr'><strong>insana</strong></span> <span class='ocrx_word' id='word_1_65' title='bbox 670 2541 793 2626; x_wconf 87' lang='lat' dir='ltr'><strong>Caprae</strong></span> <span class='ocrx_word' id='word_1_66' title='bbox 812 2542 929 2620; x_wconf 85' lang='lat' dir='ltr'><strong>sidera,</strong></span> <span class='ocrx_word' id='word_1_67' title='bbox 948 2542 1081 2629; x_wconf 73' lang='lat' dir='ltr'><strong>frigidas</strong></span> 
     </span>
     <span class='ocr_line' id='line_1_18' title="bbox 494 2635 894 2702; baseline 0.003 -1"><span class='ocrx_word' id='word_1_68' title='bbox 494 2648 602 2702; x_wconf 88' lang='lat' dir='ltr'><strong>noctes</strong></span> <span class='ocrx_word' id='word_1_69' title='bbox 620 2660 684 2701; x_wconf 92' lang='lat' dir='ltr'><strong>non</strong></span> <span class='ocrx_word' id='word_1_70' title='bbox 702 2638 769 2702; x_wconf 88' lang='lat' dir='ltr'><strong>siue</strong></span> <span class='ocrx_word' id='word_1_71' title='bbox 787 2635 894 2702; x_wconf 85' lang='lat' dir='ltr'><strong>multis</strong></span> 
     </span>
     <span class='ocr_line' id='line_1_19' title="bbox 536 2730 935 2817; baseline 0.003 -23"><span class='ocrx_word' id='word_1_72' title='bbox 536 2731 687 2794; x_wconf 86' lang='lat' dir='ltr'><strong>insomnis</strong></span> <span class='ocrx_word' id='word_1_73' title='bbox 705 2730 842 2795; x_wconf 80' lang='lat' dir='ltr'><strong>lacrimis</strong></span> <span class='ocrx_word' id='word_1_74' title='bbox 861 2731 935 2817; x_wconf 85' lang='lat' dir='ltr'><strong>agit.</strong></span> 
     </span>
    </p>
   </div>
   <div class='ocr_carea' id='block_1_7' title="bbox 452 2866 1055 3214">
    <p class='ocr_par' dir='ltr' id='par_1_7' title="bbox 452 2866 1055 3214">
     <span class='ocr_line' id='line_1_20' title="bbox 453 2866 1018 2952; baseline 0 -21"><span class='ocrx_word' id='word_1_75' title='bbox 453 2868 539 2950; x_wconf 89' lang='lat' dir='ltr'><strong>atqui</strong></span> <span class='ocrx_word' id='word_1_76' title='bbox 557 2867 706 2931; x_wconf 81' lang='lat' dir='ltr'><strong>sollicitae</strong></span> <span class='ocrx_word' id='word_1_77' title='bbox 724 2867 857 2931; x_wconf 88' lang='lat' dir='ltr'><strong>nuncius</strong></span> <span class='ocrx_word' id='word_1_78' title='bbox 875 2866 1018 2952; x_wconf 76' lang='lat' dir='ltr'><strong>hospitae</strong></span> 
     </span>
     <span class='ocr_line' id='line_1_21' title="bbox 452 2960 1055 3046; baseline -0.002 -20"><span class='ocrx_word' id='word_1_79' title='bbox 452 2962 608 3046; x_wconf 89' lang='lat' dir='ltr'><strong>suspirare</strong></span> <span class='ocrx_word' id='word_1_80' title='bbox 627 2961 763 3039; x_wconf 84' lang='lat' dir='ltr'><strong>Chloen,</strong></span> <span class='ocrx_word' id='word_1_81' title='bbox 782 2970 814 3025; x_wconf 89' lang='lat' dir='ltr'><strong>et</strong></span> <span class='ocrx_word' id='word_1_82' title='bbox 830 2962 977 3026; x_wconf 88' lang='lat' dir='ltr'><strong>miseram</strong></span> <span class='ocrx_word' id='word_1_83' title='bbox 994 2960 1055 3025; x_wconf 88' lang='lat' dir='ltr'><strong>tuis</strong></span> 
     </span>
     <span class='ocr_line' id='line_1_22' title="bbox 495 3055 908 3141; baseline -0.007 -21"><span class='ocrx_word' id='word_1_84' title='bbox 495 3056 602 3120; x_wconf 88' lang='lat' dir='ltr'><strong>dicens</strong></span> <span class='ocrx_word' id='word_1_85' title='bbox 619 3055 749 3141; x_wconf 10' lang='lat' dir='ltr'><strong>ignibus*</strong></span> <span class='ocrx_word' id='word_1_86' title='bbox 763 3055 822 3131; x_wconf 91' lang='lat' dir='ltr'><strong>uri,</strong></span> <span class='ocrx_word' id='word_1_87' title='bbox 906 3112 908 3117; x_wconf 81' lang='grc'>,</span> 
     </span>
     <span class='ocr_line' id='line_1_23' title="bbox 537 3149 970 3214; baseline -0.002 -1"><span class='ocrx_word' id='word_1_88' title='bbox 537 3158 634 3213; x_wconf 89' lang='lat' dir='ltr'><strong>tentat</strong></span> <span class='ocrx_word' id='word_1_89' title='bbox 652 3149 735 3214; x_wconf 91' lang='lat' dir='ltr'><strong>mille</strong></span> <span class='ocrx_word' id='word_1_90' title='bbox 753 3149 842 3213; x_wconf 81' lang='lat' dir='ltr'><strong>vafer</strong></span> <span class='ocrx_word' id='word_1_91' title='bbox 859 3149 970 3213; x_wconf 88' lang='lat' dir='ltr'><strong>modis.</strong></span> 
     </span>
    </p>
   </div>
   <div class='ocr_carea' id='block_1_8' title="bbox 454 3285 1099 3644">
    <p class='ocr_par' dir='ltr' id='par_1_8' title="bbox 454 3285 1099 3644">
     <span class='ocr_line' id='line_1_24' title="bbox 454 3285 1099 3371; baseline -0.002 -22"><span class='ocrx_word' id='word_1_92' title='bbox 454 3299 488 3349; x_wconf 90' lang='lat' dir='ltr'><strong>ut</strong></span> <span class='ocrx_word' id='word_1_93' title='bbox 505 3286 655 3350; x_wconf 88' lang='lat' dir='ltr'><strong>Proetum</strong></span> <span class='ocrx_word' id='word_1_94' title='bbox 672 3286 784 3350; x_wconf 88' lang='lat' dir='ltr'><strong>mulier</strong></span> <span class='ocrx_word' id='word_1_95' title='bbox 801 3285 920 3371; x_wconf 79' lang='lat' dir='ltr'><strong>perfida</strong></span> <span class='ocrx_word' id='word_1_96' title='bbox 938 3285 1099 3349; x_wconf 86' lang='lat' dir='ltr'><strong>credulum</strong></span> 
     </span>
     <span class='ocr_line' id='line_1_25' title="bbox 455 3378 1044 3464; baseline 0 -22"><span class='ocrx_word' id='word_1_97' title='bbox 455 3379 543 3444; x_wconf 81' lang='lat' dir='ltr'><strong>falsis</strong></span> <span class='ocrx_word' id='word_1_98' title='bbox 561 3380 719 3464; x_wconf 90' lang='lat' dir='ltr'><strong>impulerit</strong></span> <span class='ocrx_word' id='word_1_99' title='bbox 736 3379 932 3456; x_wconf 78' lang='lat' dir='ltr'><strong>criminibus,</strong></span> <span class='ocrx_word' id='word_1_100' title='bbox 951 3378 1044 3443; x_wconf 90' lang='lat' dir='ltr'><strong>nimis</strong></span> 
     </span>
     <span class='ocr_line' id='line_1_26' title="bbox 497 3473 835 3558; baseline 0 -22"><span class='ocrx_word' id='word_1_101' title='bbox 497 3484 583 3538; x_wconf 87' lang='lat' dir='ltr'><strong>casto</strong></span> <span class='ocrx_word' id='word_1_102' title='bbox 600 3473 835 3558; x_wconf 88' lang='lat' dir='ltr'><strong>Bellerophonti</strong></span> 
     </span>
     <span class='ocr_line' id='line_1_27' title="bbox 539 3568 959 3644; baseline 0 -14"><span class='ocrx_word' id='word_1_103' title='bbox 539 3577 694 3632; x_wconf 88' lang='lat' dir='ltr'><strong>maturare</strong></span> <span class='ocrx_word' id='word_1_104' title='bbox 712 3590 836 3644; x_wconf 90' lang='lat' dir='ltr'><strong>necem,</strong></span> <span class='ocrx_word' id='word_1_105' title='bbox 855 3568 959 3631; x_wconf 88' lang='lat' dir='ltr'><strong>resert.</strong></span> 
     </span>
    </p>
   </div>
   <div class='ocr_carea' id='block_1_9' title="bbox 454 3703 1257 4064">
    <p class='ocr_par' dir='ltr' id='par_1_9' title="bbox 454 3703 1257 4064">
     <span class='ocr_line' id='line_1_28' title="bbox 454 3703 1074 3788; baseline 0 -21"><span class='ocrx_word' id='word_1_106' title='bbox 454 3713 558 3767; x_wconf 88' lang='lat' dir='ltr'><strong>narrat</strong></span> <span class='ocrx_word' id='word_1_107' title='bbox 575 3726 674 3788; x_wconf 87' lang='lat' dir='ltr'><strong>paene</strong></span> <span class='ocrx_word' id='word_1_108' title='bbox 692 3704 800 3767; x_wconf 89' lang='lat' dir='ltr'><strong>datum</strong></span> <span class='ocrx_word' id='word_1_109' title='bbox 817 3703 915 3768; x_wconf 88' lang='lat' dir='ltr'><strong>Pelea</strong></span> <span class='ocrx_word' id='word_1_110' title='bbox 933 3703 1074 3780; x_wconf 86' lang='lat' dir='ltr'><strong>Tartaro,</strong></span> 
     </span>
     <span class='ocr_line' id='line_1_29' title="bbox 454 3796 1257 3883; baseline -0.004 -22"><span class='ocrx_word' id='word_1_111' title='bbox 454 3796 661 3883; x_wconf 86' lang='lat' dir='ltr'><strong>Magnessam</strong></span> <span class='ocrx_word' id='word_1_112' title='bbox 678 3797 875 3883; x_wconf 84' lang='lat' dir='ltr'><strong>Hippolyten</strong></span> <span class='ocrx_word' id='word_1_113' title='bbox 892 3798 968 3862; x_wconf 88' lang='lat' dir='ltr'><strong>dum</strong></span> <span class='ocrx_word' id='word_1_114' title='bbox 985 3798 1067 3883; x_wconf 89' lang='lat' dir='ltr'><strong>sugit</strong></span> <span class='ocrx_word' id='word_1_115' title='bbox 1085 3796 1257 3869; x_wconf 85' lang='lat' dir='ltr'><strong>abstinens3</strong></span> 
     </span>
     <span class='ocr_line' id='line_1_30' title="bbox 497 3893 839 3976; baseline 0 -21"><span class='ocrx_word' id='word_1_116' title='bbox 497 3900 528 3955; x_wconf 91' lang='lat' dir='ltr'><strong>et</strong></span> <span class='ocrx_word' id='word_1_117' title='bbox 544 3914 675 3976; x_wconf 90' lang='lat' dir='ltr'><strong>peceare</strong></span> <span class='ocrx_word' id='word_1_118' title='bbox 693 3893 839 3956; x_wconf 89' lang='lat' dir='ltr'><strong>docentes</strong></span> 
     </span>
     <span class='ocr_line' id='line_1_31' title="bbox 539 3986 935 4064; baseline 0.003 -15"><span class='ocrx_word' id='word_1_119' title='bbox 539 3986 636 4050; x_wconf 86' lang='lat' dir='ltr'><strong>fallax</strong></span> <span class='ocrx_word' id='word_1_120' title='bbox 652 3986 797 4050; x_wconf 90' lang='lat' dir='ltr'><strong>historias</strong></span> <span class='ocrx_word' id='word_1_121' title='bbox 816 3998 935 4064; x_wconf 86' lang='lat' dir='ltr'><strong>monet3</strong></span> 
     </span>
    </p>
   </div>
   <div class='ocr_carea' id='block_1_10' title="bbox 456 4120 1072 4487">
    <p class='ocr_par' dir='ltr' id='par_1_10' title="bbox 456 4120 1072 4487">
     <span class='ocr_line' id='line_1_32' title="bbox 456 4120 1072 4207; baseline -0.003 -22"><span class='ocrx_word' id='word_1_122' title='bbox 456 4121 584 4186; x_wconf 82' lang='lat' dir='ltr'><strong>frustra:</strong></span> <span class='ocrx_word' id='word_1_123' title='bbox 602 4146 675 4186; x_wconf 85' lang='lat' dir='ltr'><strong>nam</strong></span> <span class='ocrx_word' id='word_1_124' title='bbox 695 4122 832 4207; x_wconf 86' lang='lat' dir='ltr'><strong>scopulis</strong></span> <span class='ocrx_word' id='word_1_125' title='bbox 851 4121 974 4187; x_wconf 81' lang='lat' dir='ltr'><strong>surdior</strong></span> <span class='ocrx_word' id='word_1_126' title='bbox 991 4120 1072 4185; x_wconf 90' lang='lat' dir='ltr'><strong>Icari</strong></span> 
     </span>
     <span class='ocr_line' id='line_1_33' title="bbox 456 4213 1063 4303; baseline -0.002 -25"><span class='ocrx_word' id='word_1_127' title='bbox 456 4237 549 4281; x_wconf 86' lang='lat' dir='ltr'><strong>voees</strong></span> <span class='ocrx_word' id='word_1_128' title='bbox 568 4216 654 4280; x_wconf 88' lang='lat' dir='ltr'><strong>audit</strong></span> <span class='ocrx_word' id='word_1_129' title='bbox 671 4215 775 4280; x_wconf 86' lang='lat' dir='ltr'><strong>adhuc</strong></span> <span class='ocrx_word' id='word_1_130' title='bbox 791 4216 921 4303; x_wconf 86' lang='lat' dir='ltr'><strong>integer.</strong></span> <span class='ocrx_word' id='word_1_131' title='bbox 941 4224 986 4292; x_wconf 86' lang='lat' dir='ltr'><strong>at,</strong></span> <span class='ocrx_word' id='word_1_132' title='bbox 1006 4213 1063 4278; x_wconf 92' lang='lat' dir='ltr'><strong>tibi</strong></span> 
     </span>
     <span class='ocr_line' id='line_1_34' title="bbox 497 4308 836 4395; baseline 0.009 -24"><span class='ocrx_word' id='word_1_133' title='bbox 497 4332 537 4373; x_wconf 92' lang='lat' dir='ltr'><strong>ne</strong></span> <span class='ocrx_word' id='word_1_134' title='bbox 554 4308 676 4373; x_wconf 87' lang='lat' dir='ltr'><strong>vicinus</strong></span> <span class='ocrx_word' id='word_1_135' title='bbox 693 4310 836 4395; x_wconf 85' lang='lat' dir='ltr'><strong>Enipeus</strong></span> 
     </span>
     <span class='ocr_line' id='line_1_35' title="bbox 538 4401 972 4487; baseline 0.002 -22"><span class='ocrx_word' id='word_1_136' title='bbox 538 4401 609 4485; x_wconf 86' lang='lat' dir='ltr'><strong>plus</strong></span> <span class='ocrx_word' id='word_1_137' title='bbox 626 4401 709 4467; x_wconf 88' lang='lat' dir='ltr'><strong>iusto</strong></span> <span class='ocrx_word' id='word_1_138' title='bbox 727 4402 862 4487; x_wconf 87' lang='lat' dir='ltr'><strong>placeat,</strong></span> <span class='ocrx_word' id='word_1_139' title='bbox 882 4425 972 4479; x_wconf 84' lang='lat' dir='ltr'><strong>cave3</strong></span> 
     </span>
    </p>
   </div>
   <div class='ocr_carea' id='block_1_11' title="bbox 0 0 1633 5442">
    <p class='ocr_par' dir='ltr' id='par_1_11' title="bbox 0 0 1633 5442">
     <span class='ocr_line' id='line_1_36' title="bbox 0 0 1633 5442; baseline 0 0"><span class='ocrx_word' id='word_1_140' title='bbox 0 0 1633 5442; x_wconf 95' lang='lat' dir='ltr'><strong> </strong></span> 
     </span>
    </p>
   </div>
  </div>
 </body>
</html>
