3225 5442
299 712 341 777 36

563 722 597 788 Q.
610 720 927 822 HORATII'FLAOCI

452 880 552 944 Tibur
569 878 678 965 Argeo
694 879 832 963 positum
850 878 961 943 colono

452 974 492 1039 sit
508 994 597 1037 meae
615 972 706 1037 sedes
724 972 843 1036 utinam
862 981 1015 1049 senectae,

452 1068 493 1132 sit
509 1067 621 1130 modus
639 1066 724 1131 lasso
742 1066 836 1130 maris
855 1075 887 1129 et
903 1066 1024 1130 viarum

439 1222 441 1225 ,
514 1159 718 1243 militiaequel

450 1297 534 1361 unde
553 1296 580 1360 si
597 1296 716 1360 Parcae
733 1294 899 1379 prohibent
915 1294 1050 1378 iniquae,

452 1391 543 1454 dulce
560 1389 674 1475 pellitis
693 1388 804 1453 ovibus
824 1386 953 1453 Galaesi

451 1485 568 1548 flumen
585 1492 617 1547 et
632 1491 764 1568 regnata
780 1491 886 1567 petam
903 1482 1025 1545 Laconi

514 1601 587 1642 rura
603 1576 790 1641 Phalantho

453 1714 504 1778 ille
523 1723 673 1778 terrarum
691 1712 767 1776 mihi
785 1722 909 1797 praeter
926 1734 1034 1776 omnes

452 1808 587 1894 angulus
604 1808 698 1884 ridet,
717 1806 771 1871 ubi
789 1830 853 1871 non
871 1806 1023 1891 Hymetto
1111 1820 1118 1891 ᾗ

271 1926 281 1936 ·
356 1908 357 1911 ’
453 1903 546 1967 mella
563 1902 718 1966 decedunt
734 1901 888 1983 viridique
907 1910 1003 1964 certat
1116 1964 1118 1974 Α

517 1996 615 2061 bacca
632 1994 782 2071 Venafro,

453 2157 509 2199 ver
525 2134 580 2198 ubi
597 2133 727 2219 longum
744 2134 928 2218 tepidasque
946 2132 1075 2217 praebet

453 2228 595 2313 Iuppiter
612 2227 740 2292 brumas
758 2236 790 2290 et
808 2227 926 2290 amicus
944 2225 1053 2290 Aulon

454 2320 549 2385 fertili
566 2319 693 2384 Baccho
712 2321 877 2384 minimum
893 2320 1036 2385 Falernis

517 2415 636 2479 invidet
652 2415 732 2479 uvis.

453 2550 505 2615 ille
523 2560 553 2615 te
570 2572 694 2615 mecum
711 2550 800 2615 locus
819 2559 851 2613 et
868 2548 977 2614 beatae

455 2645 615 2730 postulant
632 2666 735 2722 arces3
752 2644 797 2708 ibi
815 2652 850 2707 tu
867 2643 1020 2707 calentem
1116 2726 1119 2732 ι
1173 2647 1176 2651 ’

456 2737 562 2802 debita
579 2759 709 2824 sparges
726 2737 855 2803 lacrima
872 2736 1012 2801 favillam
1115 2811 1119 2820 Δ

518 2832 598 2897 vatis
617 2832 720 2896 amici.

669 3057 869 3118 CARMEN
891 3057 966 3116 VII.

570 3203 622 3251 ao
641 3171 835 3253 rournruu
854 3200 1067 3253 onosruuu.

480 3324 511 3392 O
531 3349 625 3413 saepe
642 3349 767 3391 mecum
784 3336 907 3413 tempus
925 3327 958 3391 in
975 3325 1120 3391 ultimum

479 3422 611 3485 deducte
629 3422 729 3485 Bruto
746 3421 875 3486 militiae
893 3422 982 3498 duce,

520 3515 590 3598 quis
609 3524 639 3579 te
656 3515 820 3579 redonavit
838 3514 994 3597 Quiritem

563 3610 612 3674 dis
630 3608 739 3694 patriis
756 3608 899 3692 Italoque
917 3609 1014 3685 caele,

479 3746 625 3831 Pompei,
644 3768 784 3810 meorum
802 3746 901 3831 prime
920 3745 1093 3811 sodalium?

480 3862 552 3903 cum
569 3862 631 3923 quo
649 3847 822 3903 morantem
841 3861 935 3924 saepe
952 3839 1036 3903 diem
1053 3859 1139 3900 mero

522 3931 616 4018 fregi,
636 3941 800 3996 coronatus
819 3931 952 3995 nitentes

566 4024 762 4090 malobathro
782 4022 875 4110 Syrio
893 4024 1032 4109 capillos.

481 4172 583 4226 tecum
602 4161 765 4246 Philippos
785 4170 816 4225 et
834 4161 966 4225 celerem
984 4160 1093 4245 fugam

483 4255 580 4331 sensi,
599 4254 706 4319 relicta
722 4277 787 4318 non
805 4253 885 4319 bene
901 4253 1054 4339 parmula,

524 4370 621 4431 quum
639 4348 739 4412 fracta
755 4348 868 4424 virtus,
888 4357 919 4411 et
935 4348 1072 4411 minaces

568 4451 657 4525 turpe
676 4442 777 4507 solum
796 4443 925 4528 tetigere
944 4449 1058 4505 mento.
