3225 5442
633 675 666 739 Q.
681 670 846 728 HORATII
860 670 1001 728 FLACCI

410 834 468 897 dos
486 841 535 898 est
552 853 668 917 magna
684 829 859 915 parentium

453 927 552 990 virtus
571 934 602 989 et
618 934 761 989 metuens
780 923 907 990 alterius
925 925 985 989 viri

410 1030 495 1086 certo
513 1021 640 1084 foedere
658 1018 799 1095 castitas3
875 1060 877 1064 <

453 1123 485 1178 et
501 1135 631 1199 peecare
648 1112 753 1189 nefas,
772 1122 827 1177 aut
843 1114 978 1198 pretium
997 1124 1046 1179 est
1063 1116 1149 1179 mori.

410 1275 429 1316 o
446 1250 588 1334 quisquis
606 1248 690 1312 volet
706 1249 819 1334 impias

454 1345 566 1408 caedes
585 1352 615 1407 et
633 1342 751 1407 rabiem
769 1342 877 1408 tollere
895 1343 1037 1420 civicam,
1129 1370 1138 1387 ¹

412 1438 439 1502 si
457 1446 587 1521 quaeret
603 1460 699 1501 rarus
714 1460 826 1501 vanrvu

402 1610 405 1616 Ι
456 1530 610 1596 subscribi
629 1530 754 1608 statuis,
772 1530 958 1595 indomitam
975 1532 1091 1596 audeat

412 1659 569 1723 refrenare
587 1657 744 1721 licentiam

455 1752 556 1815 clarus
574 1750 774 1835 postgenitis,
793 1759 961 1834 quatenus,
981 1752 1043 1817 heu
1060 1753 1164 1817 nefas!

411 1845 557 1909 virtutem
575 1844 763 1908 incolumem
780 1846 913 1923 odimus,

455 1938 610 2004 sublatam
627 1961 667 2002 ex
684 1938 783 2003 acuis
801 1939 980 2022 quaerimus
998 1942 1105 2007 invidi.

412 2068 488 2151 quid
505 2068 609 2131 tristes
627 2067 849 2150 querimoniae,

456 2162 484 2225 si
501 2184 565 2225 non
583 2160 735 2246 supplicio
753 2161 847 2245 crdpa
863 2162 1019 2239 reciditur,

411 2255 487 2338 quid
504 2255 592 2340 leges
611 2255 678 2318 sine
695 2254 835 2329 moribus

455 2370 554 2412 vanae
571 2348 750 2433 proficiunt,
770 2348 916 2431 sineque
934 2347 1064 2414 fervidis

411 2498 484 2560 pars
502 2475 624 2541 inclusa
641 2475 796 2541 caloribus

454 2571 564 2634 mundi
580 2592 638 2634 nec
656 2570 777 2634 Boreae
794 2569 962 2633 finitimum
979 2570 1062 2635 latus

413 2664 604 2747 durataeque
623 2662 690 2727 solo
702 2664 797 2751 *nives

455 2766 657 2822 mercatorem
676 2752 821 2842 abigimt,
840 2757 965 2821 horrida
983 2757 1087 2821 callidi

412 2885 542 2948 vincunt
559 2906 695 2967 aequora
713 2885 846 2960 navitae,

454 3002 603 3064 magnum
621 2979 785 3063 pauperies
803 2978 1004 3064 opprobrium
1022 2979 1110 3043 iubet

412 3073 536 3157 quidvis
558 3082 589 3137 et
605 3072 709 3136 facere
727 3083 759 3136 et
776 3073 850 3157 pati,

455 3166 641 3250 virtutisque
658 3166 742 3230 viam
761 3167 876 3231 deserit
894 3167 1028 3231 arduae?

412 3295 463 3359 vel
480 3318 537 3360 nos
555 3296 589 3358 in
607 3293 808 3378 Capitolium,

455 3411 517 3471 quo
535 3389 652 3453 clamor
668 3397 760 3452 vocat
778 3398 810 3452 et
827 3388 919 3452 turba
936 3388 1119 3465 faventium,

412 3482 463 3545 vel
479 3505 537 3546 nos
555 3483 589 3546 in
605 3504 691 3545 mare
708 3483 886 3566 proximum

455 3599 596 3661 gemmas
615 3585 646 3639 et
663 3574 783 3659 lapides
802 3599 913 3640 aurum
931 3585 962 3639 et
978 3576 1097 3653 inutile,

414 3704 528 3767 summi
545 3704 705 3767 materiem
724 3703 808 3781 mali,

456 3797 629 3873 mittamus,
649 3798 802 3861 scelerum
822 3798 849 3861 si
866 3795 946 3861 bene
963 3797 1110 3881 poenitet.

413 3891 569 3955 eradenda
586 3890 740 3975 cupidinis

455 3984 544 4069 pravi
562 3994 635 4049 sunt
652 3984 819 4062 elementa,
839 3993 870 4049 et
887 3993 1011 4049 tenerae
1028 3984 1122 4049 nimis

412 4122 533 4177 mentes
552 4112 761 4198 asperioribus

454 4206 637 4271 formandae
655 4193 776 4271 studiis.
795 4206 894 4272 nescit
912 4227 993 4289 equo
1010 4206 1097 4270 rudis

413 4300 539 4365 haerere
557 4302 712 4386 ingenuus
730 4322 809 4385 puer

455 4394 623 4477 venarique
641 4394 741 4471 timet,
760 4394 868 4459 ludere
886 4393 1014 4471 doctior,
