3225 5442
427 721 634 780 CARMINUM
651 720 725 776 LIB.
740 721 777 775 11.

257 884 412 950 redditum
430 880 508 967 Cyri
527 879 604 946 solio
621 878 789 954 Phraaten,

258 979 413 1044 dissidens
431 975 530 1061 plebi,
548 995 679 1038 numero
697 970 859 1036 beatorum

259 1072 368 1138 eximit
383 1070 508 1166 Virtus,
527 1067 742 1155 populumque
759 1065 849 1130 fnlsis

322 1166 454 1231 dedocet
470 1163 517 1227 uti

258 1300 402 1378 vocibus,
420 1321 554 1385 regnum
571 1306 603 1362 et
620 1295 765 1360 diadema
782 1304 884 1358 tutum

258 1396 402 1461 deferens
421 1394 476 1457 uni
492 1391 712 1479 propriamque
728 1388 861 1465 laurum,

259 1490 399 1575 quisquis
418 1488 562 1574 ingentes
580 1484 671 1551 oculo
688 1483 829 1547 inretorto

323 1591 444 1670 spectat
462 1602 601 1646 acervos.

460 1806 659 1869 OARMEN
680 1802 743 1864 111.

425 1953 482 2002 Ao
507 1950 547 2011 o.
570 1948 781 2009 numum.

188 2056 192 2064 Ι
260 2079 406 2163 Aequum
423 2085 580 2141 memento
597 2075 691 2140 rebus
709 2076 742 2139 in
758 2075 864 2139 nrduis

184 4565 255 4610 ttius.

261 2195 384 2239 servare
402 2180 554 2247 mentem,
573 2192 637 2234 non
656 2192 748 2234 secus
765 2169 799 2233 in
816 2167 908 2233 bonis

302 2267 343 2332 ab
360 2264 507 2331 insolenti
524 2273 728 2349 temperatam

343 2360 476 2437 laetitia,
495 2358 644 2423 moriture
660 2357 757 2434 Delli,
798 2418 808 2435 ,

260 2520 316 2563 seu
333 2506 472 2561 maestus
491 2494 733 2579 omnitempore
751 2493 877 2571 vixeris,

259 2614 315 2656 seu
331 2600 363 2655 te
380 2591 413 2654 in
430 2600 550 2655 remoto
567 2589 708 2675 gramine
725 2610 783 2673 per
800 2588 867 2652 dies
901 2656 904 2660 ,

302 2686 402 2750 festos
419 2684 604 2749 reclinatum
621 2683 724 2748 bearis

344 2778 491 2843 interiore
508 2787 584 2842 nota
599 2776 736 2841 Fnlemi.

259 2938 321 2999 quo
338 2916 432 3000 pinus
449 2915 562 3001 ingens
580 2912 713 2997 albaque
729 2913 867 2999 populus

260 3010 405 3073 umbram
421 3008 608 3093 hospitalem
626 3008 806 3072 consociare
825 3017 931 3072 amant

302 3104 412 3179 ramis,
430 3123 494 3185 quo
512 3111 544 3165 et
561 3100 687 3185 obliquo
706 3100 828 3165 laborat

345 3196 474 3281 lympha
491 3194 590 3282 fugax
607 3196 762 3280 trepidare
779 3195 857 3271 rivo,

259 3332 321 3397 huc
339 3333 412 3396 vina
429 3341 461 3396 et
477 3342 639 3419 unguenta
656 3340 688 3396 et
704 3329 835 3394 nimium
852 3328 964 3394 breves

259 3426 351 3491 flores
370 3448 520 3491 amoenae
537 3426 619 3491 ferre
636 3424 710 3490 iube
726 3446 827 3501 rosae,

304 3522 380 3583 dum
396 3543 447 3585 res
466 3534 498 3585 et
515 3531 601 3587 aetas
619 3531 649 3585 et
668 3542 811 3585 sororum

345 3614 398 3678 fila
415 3613 508 3678 trium
526 3614 687 3700 patiuntur
704 3624 780 3678 stra.

263 3752 354 3815 oedes
373 3752 503 3816 coemtis
523 3750 653 3816 saltibus
672 3761 704 3815 et
720 3752 815 3816 domo

262 3844 412 3927 villaque,
431 3844 532 3909 flavus
551 3868 645 3928 quam
664 3844 788 3910 Tiberis
805 3842 896 3921 luvit3

304 3940 412 4015 cedes,
431 3948 462 4002 et
479 3940 645 4005 exstructis
663 3940 812 4003 inultum

347 4032 463 4097 divitiis
480 4033 617 4117 potietur
634 4033 733 4098 heres.

261 4168 404 4245 divesne,
422 4168 526 4253 prisco
544 4178 635 4234 natus
654 4167 694 4233 ab
712 4168 841 4245 Insuho,

262 4262 307 4326 nil
323 4263 464 4341 interest,
483 4286 524 4327 an
541 4285 661 4348 pauper
678 4271 710 4327 et
726 4262 834 4325 infima

305 4357 345 4421 de
362 4366 456 4443 gente
474 4356 533 4422 sub
552 4358 627 4421 divo
644 4356 784 4431 moreris,

348 4452 474 4516 victims
491 4451 535 4515 nil
553 4450 728 4516 miserantis
748 4448 835 4515 Orci.
