<?xml version="1.0" encoding="UTF-8"?>
<!DOCTYPE html PUBLIC "-//W3C//DTD XHTML 1.0 Transitional//EN"
    "http://www.w3.org/TR/xhtml1/DTD/xhtml1-transitional.dtd">
<html xmlns="http://www.w3.org/1999/xhtml" xml:lang="en" lang="en">
 <head>
  <title>
</title>
<meta http-equiv="Content-Type" content="text/html;charset=utf-8" />
  <meta name='ocr-system' content='tesseract 3.04.00' />
  <meta name='ocr-capabilities' content='ocr_page ocr_carea ocr_par ocr_line ocrx_word'/>
</head>
<body>
  <div class='ocr_page' id='page_1' title='image "./qhoratiiflaccio00stalgoog/qhoratiiflaccio00stalgoog_0149.png"; bbox 0 0 3225 5442; ppageno 0'>
   <div class='ocr_carea' id='block_1_1' title="bbox 438 720 803 777">
    <p class='ocr_par' dir='ltr' id='par_1_1' title="bbox 438 720 803 777">
     <span class='ocr_line' id='line_1_1' title="bbox 438 720 803 777; baseline 0 -1"><span class='ocrx_word' id='word_1_1' title='bbox 438 720 645 777; x_wconf 80' lang='lat' dir='ltr'>cAaIssNUII</span> <span class='ocrx_word' id='word_1_2' title='bbox 662 721 737 775; x_wconf 90' lang='lat' dir='ltr'>LlB.</span> <span class='ocrx_word' id='word_1_3' title='bbox 752 723 803 776; x_wconf 89' lang='lat' dir='ltr'><strong>III.</strong></span> 
     </span>
    </p>
   </div>
   <div class='ocr_carea' id='block_1_2' title="bbox 259 876 976 1224">
    <p class='ocr_par' dir='ltr' id='par_1_2' title="bbox 259 876 976 1224">
     <span class='ocr_line' id='line_1_2' title="bbox 259 876 976 965; baseline -0.003 -21"><span class='ocrx_word' id='word_1_4' title='bbox 259 880 401 965; x_wconf 86' lang='lat' dir='ltr'>quamvis</span> <span class='ocrx_word' id='word_1_5' title='bbox 419 901 482 943; x_wconf 91' lang='lat' dir='ltr'>non</span> <span class='ocrx_word' id='word_1_6' title='bbox 499 878 578 943; x_wconf 81' lang='lat' dir='ltr'>alius</span> <span class='ocrx_word' id='word_1_7' title='bbox 597 878 721 943; x_wconf 89' lang='lat' dir='ltr'>flectere</span> <span class='ocrx_word' id='word_1_8' title='bbox 739 900 856 961; x_wconf 89' lang='lat' dir='ltr'>equum</span> <span class='ocrx_word' id='word_1_9' title='bbox 874 876 976 942; x_wconf 85' lang='lat' dir='ltr'>sciens</span> 
     </span>
     <span class='ocr_line' id='line_1_3' title="bbox 259 970 866 1057; baseline -0.005 -19"><span class='ocrx_word' id='word_1_10' title='bbox 259 995 356 1056; x_wconf 89' lang='lat' dir='ltr'>aeque</span> <span class='ocrx_word' id='word_1_11' title='bbox 375 972 565 1057; x_wconf 83' lang='lat' dir='ltr'>conspicitur</span> <span class='ocrx_word' id='word_1_12' title='bbox 581 972 722 1057; x_wconf 85' lang='lat' dir='ltr'>gramine</span> <span class='ocrx_word' id='word_1_13' title='bbox 739 970 866 1047; x_wconf 86' lang='lat' dir='ltr'>Martio,</span> 
     </span>
     <span class='ocr_line' id='line_1_4' title="bbox 300 1065 759 1149; baseline -0.002 -19"><span class='ocrx_word' id='word_1_14' title='bbox 300 1088 359 1130; x_wconf 91' lang='lat' dir='ltr'>nec</span> <span class='ocrx_word' id='word_1_15' title='bbox 376 1065 543 1149; x_wconf 88' lang='lat' dir='ltr'>quisquam</span> <span class='ocrx_word' id='word_1_16' title='bbox 561 1065 641 1129; x_wconf 91' lang='lat' dir='ltr'>citus</span> <span class='ocrx_word' id='word_1_17' title='bbox 660 1086 759 1148; x_wconf 86' lang='lat' dir='ltr'>aeque</span> 
     </span>
     <span class='ocr_line' id='line_1_5' title="bbox 345 1158 712 1224; baseline 0 -2"><span class='ocrx_word' id='word_1_18' title='bbox 345 1158 451 1224; x_wconf 87' lang='lat' dir='ltr'>Tusco</span> <span class='ocrx_word' id='word_1_19' title='bbox 469 1158 596 1222; x_wconf 88' lang='lat' dir='ltr'>denatat</span> <span class='ocrx_word' id='word_1_20' title='bbox 614 1158 712 1222; x_wconf 87' lang='lat' dir='ltr'>alveo.</span> 
     </span>
    </p>
   </div>
   <div class='ocr_carea' id='block_1_3' title="bbox 232 1295 1011 1655">
    <p class='ocr_par' dir='ltr' id='par_1_3' title="bbox 258 1295 1011 1474">
     <span class='ocr_line' id='line_1_6' title="bbox 258 1295 1011 1383; baseline -0.003 -22"><span class='ocrx_word' id='word_1_21' title='bbox 258 1298 358 1383; x_wconf 89' lang='lat' dir='ltr'>prima</span> <span class='ocrx_word' id='word_1_22' title='bbox 374 1305 466 1361; x_wconf 92' lang='lat' dir='ltr'>nocte</span> <span class='ocrx_word' id='word_1_23' title='bbox 484 1297 613 1361; x_wconf 90' lang='lat' dir='ltr'>domum</span> <span class='ocrx_word' id='word_1_24' title='bbox 631 1296 755 1373; x_wconf 87' lang='lat' dir='ltr'>claude,</span> <span class='ocrx_word' id='word_1_25' title='bbox 773 1317 875 1377; x_wconf 90' lang='lat' dir='ltr'>neque</span> <span class='ocrx_word' id='word_1_26' title='bbox 894 1295 927 1358; x_wconf 94' lang='lat' dir='ltr'>in</span> <span class='ocrx_word' id='word_1_27' title='bbox 943 1296 1011 1360; x_wconf 87' lang='lat' dir='ltr'>vias</span> 
     </span>
     <span class='ocr_line' id='line_1_7' title="bbox 261 1388 861 1474; baseline -0.005 -19"><span class='ocrx_word' id='word_1_28' title='bbox 261 1390 319 1455; x_wconf 92' lang='lat' dir='ltr'>sub</span> <span class='ocrx_word' id='word_1_29' title='bbox 337 1398 430 1454; x_wconf 90' lang='lat' dir='ltr'>cantu</span> <span class='ocrx_word' id='word_1_30' title='bbox 448 1389 596 1473; x_wconf 86' lang='lat' dir='ltr'>querulae</span> <span class='ocrx_word' id='word_1_31' title='bbox 614 1389 740 1474; x_wconf 83' lang='lat' dir='ltr'>despice</span> <span class='ocrx_word' id='word_1_32' title='bbox 758 1388 861 1464; x_wconf 86' lang='lat' dir='ltr'>tibiae,</span> 
     </span>
    </p>

    <p class='ocr_par' dir='ltr' id='par_1_4' title="bbox 232 1483 728 1655">
     <span class='ocr_line' id='line_1_8' title="bbox 303 1483 638 1568; baseline -0.003 -21"><span class='ocrx_word' id='word_1_33' title='bbox 303 1494 334 1548; x_wconf 88' lang='lat' dir='ltr'>ct</span> <span class='ocrx_word' id='word_1_34' title='bbox 351 1493 382 1548; x_wconf 90' lang='lat' dir='ltr'>te</span> <span class='ocrx_word' id='word_1_35' title='bbox 400 1505 494 1568; x_wconf 82' lang='lat' dir='ltr'>saepe</span> <span class='ocrx_word' id='word_1_36' title='bbox 511 1483 638 1547; x_wconf 87' lang='lat' dir='ltr'>vocanti</span> 
     </span>
     <span class='ocr_line' id='line_1_9' title="bbox 232 1577 728 1655; baseline -0.002 -14"><span class='ocrx_word' id='word_1_37' title='bbox 232 1648 236 1655; x_wconf 56' lang='grc'>,</span> <span class='ocrx_word' id='word_1_38' title='bbox 345 1578 454 1641; x_wconf 91' lang='lat' dir='ltr'>duram</span> <span class='ocrx_word' id='word_1_39' title='bbox 472 1577 609 1641; x_wconf 89' lang='lat' dir='ltr'>difficilis</span> <span class='ocrx_word' id='word_1_40' title='bbox 628 1599 728 1641; x_wconf 88' lang='lat' dir='ltr'>mane.</span> 
     </span>
    </p>
   </div>
   <div class='ocr_carea' id='block_1_4' title="bbox 338 1802 914 1998">
    <p class='ocr_par' dir='ltr' id='par_1_5' title="bbox 338 1802 914 1998">
     <span class='ocr_line' id='line_1_10' title="bbox 347 1802 782 1865; baseline -0.014 1"><span class='ocrx_word' id='word_1_41' title='bbox 347 1818 349 1822; x_wconf 90' lang='lat'>·</span> <span class='ocrx_word' id='word_1_42' title='bbox 470 1802 668 1865; x_wconf 82' lang='lat' dir='ltr'><strong>OARIIEN</strong></span> <span class='ocrx_word' id='word_1_43' title='bbox 689 1803 782 1863; x_wconf 84' lang='lat' dir='ltr'><strong>VIII.</strong></span> 
     </span>
     <span class='ocr_line' id='line_1_11' title="bbox 338 1946 914 1998; baseline -0.002 -2"><span class='ocrx_word' id='word_1_44' title='bbox 338 1947 390 1996; x_wconf 79' lang='lat' dir='ltr'>nn</span> <span class='ocrx_word' id='word_1_45' title='bbox 410 1946 443 1997; x_wconf 91' lang='lat' dir='ltr'>c.</span> <span class='ocrx_word' id='word_1_46' title='bbox 464 1948 622 1998; x_wconf 77' lang='lat' dir='ltr'>cinnum</span> <span class='ocrx_word' id='word_1_47' title='bbox 638 1946 914 1997; x_wconf 79' lang='lat' dir='ltr'>unncnnnrnu.</span> 
     </span>
    </p>
   </div>
   <div class='ocr_carea' id='block_1_5' title="bbox 258 2069 908 2436">
    <p class='ocr_par' dir='ltr' id='par_1_6' title="bbox 259 2069 908 2157">
     <span class='ocr_line' id='line_1_12' title="bbox 259 2069 908 2157; baseline 0 -23"><span class='ocrx_word' id='word_1_48' title='bbox 259 2070 383 2135; x_wconf 87' lang='lat' dir='ltr'>Martiis</span> <span class='ocrx_word' id='word_1_49' title='bbox 402 2070 525 2137; x_wconf 88' lang='lat' dir='ltr'>caelebs</span> <span class='ocrx_word' id='word_1_50' title='bbox 544 2071 619 2156; x_wconf 91' lang='lat' dir='ltr'>quid</span> <span class='ocrx_word' id='word_1_51' title='bbox 637 2094 730 2157; x_wconf 80' lang='lat' dir='ltr'>agam</span> <span class='ocrx_word' id='word_1_52' title='bbox 749 2069 908 2146; x_wconf 85' lang='lat' dir='ltr'>Calendis,</span> 
     </span>
    </p>

    <p class='ocr_par' dir='ltr' id='par_1_7' title="bbox 260 2164 847 2248">
     <span class='ocr_line' id='line_1_13' title="bbox 260 2164 847 2248; baseline 0 -20"><span class='ocrx_word' id='word_1_53' title='bbox 260 2164 334 2248; x_wconf 91' lang='lat' dir='ltr'>quid</span> <span class='ocrx_word' id='word_1_54' title='bbox 351 2165 447 2229; x_wconf 89' lang='lat' dir='ltr'>velint</span> <span class='ocrx_word' id='word_1_55' title='bbox 464 2165 556 2230; x_wconf 79' lang='lat' dir='ltr'>flores</span> <span class='ocrx_word' id='word_1_56' title='bbox 575 2176 606 2229; x_wconf 91' lang='lat' dir='ltr'>et</span> <span class='ocrx_word' id='word_1_57' title='bbox 623 2187 729 2230; x_wconf 86' lang='lat' dir='ltr'>acerra</span> <span class='ocrx_word' id='word_1_58' title='bbox 747 2165 847 2229; x_wconf 87' lang='lat' dir='ltr'>thuris</span> 
     </span>
    </p>

    <p class='ocr_par' dir='ltr' id='par_1_8' title="bbox 258 2258 884 2436">
     <span class='ocr_line' id='line_1_14' title="bbox 258 2258 884 2344; baseline 0 -23"><span class='ocrx_word' id='word_1_59' title='bbox 258 2259 364 2343; x_wconf 89' lang='lat' dir='ltr'>plena,</span> <span class='ocrx_word' id='word_1_60' title='bbox 383 2258 518 2336; x_wconf 89' lang='lat' dir='ltr'>miraris,</span> <span class='ocrx_word' id='word_1_61' title='bbox 536 2259 720 2344; x_wconf 88' lang='lat' dir='ltr'>positusque</span> <span class='ocrx_word' id='word_1_62' title='bbox 738 2259 832 2324; x_wconf 87' lang='lat' dir='ltr'>carbo</span> <span class='ocrx_word' id='word_1_63' title='bbox 851 2258 884 2322; x_wconf 91' lang='lat' dir='ltr'>in</span> 
     </span>
     <span class='ocr_line' id='line_1_15' title="bbox 323 2351 541 2436; baseline 0.009 -21"><span class='ocrx_word' id='word_1_64' title='bbox 323 2352 440 2436; x_wconf 81' lang='lat' dir='ltr'>cespite</span> <span class='ocrx_word' id='word_1_65' title='bbox 459 2351 541 2430; x_wconf 89' lang='lat' dir='ltr'>vivo,</span> 
     </span>
    </p>
   </div>
   <div class='ocr_carea' id='block_1_6' title="bbox 260 2488 858 2831">
    <p class='ocr_par' dir='ltr' id='par_1_9' title="bbox 260 2488 858 2575">
     <span class='ocr_line' id='line_1_16' title="bbox 260 2488 858 2575; baseline 0.003 -23"><span class='ocrx_word' id='word_1_66' title='bbox 260 2488 349 2552; x_wconf 91' lang='lat' dir='ltr'>docte</span> <span class='ocrx_word' id='word_1_67' title='bbox 367 2510 526 2553; x_wconf 86' lang='lat' dir='ltr'>sermones</span> <span class='ocrx_word' id='word_1_68' title='bbox 544 2488 705 2572; x_wconf 83' lang='lat' dir='ltr'>utriusque</span> <span class='ocrx_word' id='word_1_69' title='bbox 722 2489 858 2575; x_wconf 85' lang='lat' dir='ltr'>linguae.</span> 
     </span>
    </p>

    <p class='ocr_par' dir='ltr' id='par_1_10' title="bbox 260 2581 832 2666">
     <span class='ocr_line' id='line_1_17' title="bbox 260 2581 832 2666; baseline 0.003 -22"><span class='ocrx_word' id='word_1_70' title='bbox 260 2602 407 2644; x_wconf 81' lang='lat' dir='ltr'>voveram</span> <span class='ocrx_word' id='word_1_71' title='bbox 424 2581 532 2646; x_wconf 81' lang='lat' dir='ltr'>dulces</span> <span class='ocrx_word' id='word_1_72' title='bbox 550 2581 659 2666; x_wconf 81' lang='lat' dir='ltr'>epulas</span> <span class='ocrx_word' id='word_1_73' title='bbox 677 2592 708 2646; x_wconf 92' lang='lat' dir='ltr'>et</span> <span class='ocrx_word' id='word_1_74' title='bbox 725 2583 832 2648; x_wconf 91' lang='lat' dir='ltr'>ulbum</span> 
     </span>
    </p>

    <p class='ocr_par' dir='ltr' id='par_1_11' title="bbox 260 2672 834 2831">
     <span class='ocr_line' id='line_1_18' title="bbox 260 2672 834 2760; baseline 0.005 -23"><span class='ocrx_word' id='word_1_75' title='bbox 260 2672 377 2738; x_wconf 89' lang='lat' dir='ltr'>Libero</span> <span class='ocrx_word' id='word_1_76' title='bbox 396 2695 537 2759; x_wconf 90' lang='lat' dir='ltr'>caprum,</span> <span class='ocrx_word' id='word_1_77' title='bbox 556 2697 653 2760; x_wconf 93' lang='lat' dir='ltr'>prope</span> <span class='ocrx_word' id='word_1_78' title='bbox 672 2675 834 2740; x_wconf 89' lang='lat' dir='ltr'>funeratus</span> 
     </span>
     <span class='ocr_line' id='line_1_19' title="bbox 323 2766 534 2831; baseline 0.009 -3"><span class='ocrx_word' id='word_1_79' title='bbox 323 2766 443 2831; x_wconf 86' lang='lat' dir='ltr'>arboris</span> <span class='ocrx_word' id='word_1_80' title='bbox 461 2767 534 2830; x_wconf 90' lang='lat' dir='ltr'>ictu.</span> 
     </span>
    </p>
   </div>
   <div class='ocr_carea' id='block_1_7' title="bbox 259 2902 886 3174">
    <p class='ocr_par' dir='ltr' id='par_1_12' title="bbox 259 2902 886 3174">
     <span class='ocr_line' id='line_1_20' title="bbox 259 2902 782 2969; baseline 0.006 -4"><span class='ocrx_word' id='word_1_81' title='bbox 259 2902 310 2966; x_wconf 91' lang='lat' dir='ltr'>hio</span> <span class='ocrx_word' id='word_1_82' title='bbox 327 2903 394 2966; x_wconf 90' lang='lat' dir='ltr'>dies</span> <span class='ocrx_word' id='word_1_83' title='bbox 412 2924 496 2967; x_wconf 87' lang='lat' dir='ltr'>anno</span> <span class='ocrx_word' id='word_1_84' title='bbox 513 2903 664 2968; x_wconf 83' lang='lat' dir='ltr'>redeunte</span> <span class='ocrx_word' id='word_1_85' title='bbox 683 2903 782 2969; x_wconf 86' lang='lat' dir='ltr'>festus</span> 
     </span>
     <span class='ocr_line' id='line_1_21' title="bbox 261 2994 883 3080; baseline -0.002 -20"><span class='ocrx_word' id='word_1_86' title='bbox 261 2996 406 3060; x_wconf 90' lang='lat' dir='ltr'>corticem</span> <span class='ocrx_word' id='word_1_87' title='bbox 423 2994 606 3059; x_wconf 82' lang='lat' dir='ltr'>adstrictum</span> <span class='ocrx_word' id='word_1_88' title='bbox 624 2995 693 3080; x_wconf 90' lang='lat' dir='ltr'>pice</span> <span class='ocrx_word' id='word_1_89' title='bbox 711 2996 883 3061; x_wconf 90' lang='lat' dir='ltr'>dimovebit</span> 
     </span>
     <span class='ocr_line' id='line_1_22' title="bbox 260 3088 886 3174; baseline -0.003 -19"><span class='ocrx_word' id='word_1_90' title='bbox 260 3089 442 3174; x_wconf 81' lang='lat' dir='ltr'>amphorae,</span> <span class='ocrx_word' id='word_1_91' title='bbox 461 3088 584 3152; x_wconf 88' lang='lat' dir='ltr'>fumum</span> <span class='ocrx_word' id='word_1_92' title='bbox 601 3088 707 3154; x_wconf 90' lang='lat' dir='ltr'>bibere</span> <span class='ocrx_word' id='word_1_93' title='bbox 725 3089 886 3154; x_wconf 86' lang='lat' dir='ltr'>institutae</span> 
     </span>
    </p>
   </div>
   <div class='ocr_carea' id='block_1_8' title="bbox 325 3181 574 3247">
    <p class='ocr_par' dir='ltr' id='par_1_13' title="bbox 325 3181 574 3247">
     <span class='ocr_line' id='line_1_23' title="bbox 325 3181 574 3247; baseline -0.008 -1"><span class='ocrx_word' id='word_1_94' title='bbox 325 3182 452 3247; x_wconf 89' lang='lat' dir='ltr'>consule</span> <span class='ocrx_word' id='word_1_95' title='bbox 471 3181 574 3245; x_wconf 86' lang='lat' dir='ltr'>Tullo.</span> 
     </span>
    </p>
   </div>
   <div class='ocr_carea' id='block_1_9' title="bbox 259 3317 886 3665">
    <p class='ocr_par' dir='ltr' id='par_1_14' title="bbox 261 3317 827 3404">
     <span class='ocr_line' id='line_1_24' title="bbox 261 3317 827 3404; baseline -0.005 -20"><span class='ocrx_word' id='word_1_96' title='bbox 261 3341 363 3395; x_wconf 85' lang='lat' dir='ltr'>sume,</span> <span class='ocrx_word' id='word_1_97' title='bbox 381 3317 566 3395; x_wconf 88' lang='lat' dir='ltr'>Maecenas,</span> <span class='ocrx_word' id='word_1_98' title='bbox 585 3317 714 3404; x_wconf 82' lang='lat' dir='ltr'>cyathos</span> <span class='ocrx_word' id='word_1_99' title='bbox 733 3318 827 3382; x_wconf 91' lang='lat' dir='ltr'>amici</span> 
     </span>
    </p>

    <p class='ocr_par' dir='ltr' id='par_1_15' title="bbox 261 3411 886 3498">
     <span class='ocr_line' id='line_1_25' title="bbox 261 3411 886 3498; baseline -0.003 -21"><span class='ocrx_word' id='word_1_100' title='bbox 261 3412 386 3496; x_wconf 85' lang='lat' dir='ltr'>sospitis</span> <span class='ocrx_word' id='word_1_101' title='bbox 405 3422 545 3488; x_wconf 89' lang='lat' dir='ltr'>centum,</span> <span class='ocrx_word' id='word_1_102' title='bbox 564 3421 596 3476; x_wconf 88' lang='lat' dir='ltr'>et</span> <span class='ocrx_word' id='word_1_103' title='bbox 613 3412 724 3498; x_wconf 84' lang='lat' dir='ltr'>vigiles</span> <span class='ocrx_word' id='word_1_104' title='bbox 742 3411 886 3476; x_wconf 89' lang='lat' dir='ltr'>lucernas</span> 
     </span>
    </p>

    <p class='ocr_par' dir='ltr' id='par_1_16' title="bbox 259 3504 877 3665">
     <span class='ocr_line' id='line_1_26' title="bbox 259 3504 877 3591; baseline -0.002 -20"><span class='ocrx_word' id='word_1_105' title='bbox 259 3506 363 3591; x_wconf 86' lang='lat' dir='ltr'>perfer</span> <span class='ocrx_word' id='word_1_106' title='bbox 379 3507 413 3571; x_wconf 92' lang='lat' dir='ltr'>in</span> <span class='ocrx_word' id='word_1_107' title='bbox 428 3507 545 3582; x_wconf 85' lang='lat' dir='ltr'>lucem3</span> <span class='ocrx_word' id='word_1_108' title='bbox 563 3504 672 3590; x_wconf 88' lang='lat' dir='ltr'>procul</span> <span class='ocrx_word' id='word_1_109' title='bbox 689 3506 790 3570; x_wconf 93' lang='lat' dir='ltr'>omnis</span> <span class='ocrx_word' id='word_1_110' title='bbox 809 3515 877 3570; x_wconf 92' lang='lat' dir='ltr'>esto</span> 
     </span>
     <span class='ocr_line' id='line_1_27' title="bbox 325 3599 562 3665; baseline -0.004 -2"><span class='ocrx_word' id='word_1_111' title='bbox 325 3600 442 3665; x_wconf 91' lang='lat' dir='ltr'>clamor</span> <span class='ocrx_word' id='word_1_112' title='bbox 459 3609 491 3664; x_wconf 91' lang='lat' dir='ltr'>et</span> <span class='ocrx_word' id='word_1_113' title='bbox 506 3599 562 3662; x_wconf 91' lang='lat' dir='ltr'>ira.</span> 
     </span>
    </p>
   </div>
   <div class='ocr_carea' id='block_1_10' title="bbox 260 3733 803 4092">
    <p class='ocr_par' dir='ltr' id='par_1_17' title="bbox 261 3733 803 3819">
     <span class='ocr_line' id='line_1_28' title="bbox 261 3733 803 3819; baseline 0 -21"><span class='ocrx_word' id='word_1_114' title='bbox 261 3735 349 3798; x_wconf 92' lang='lat' dir='ltr'>mitte</span> <span class='ocrx_word' id='word_1_115' title='bbox 366 3734 473 3799; x_wconf 88' lang='lat' dir='ltr'>civiles</span> <span class='ocrx_word' id='word_1_116' title='bbox 492 3756 587 3819; x_wconf 89' lang='lat' dir='ltr'>super</span> <span class='ocrx_word' id='word_1_117' title='bbox 603 3733 680 3799; x_wconf 91' lang='lat' dir='ltr'>urbe</span> <span class='ocrx_word' id='word_1_118' title='bbox 699 3756 803 3799; x_wconf 89' lang='lat' dir='ltr'>curas:</span> 
     </span>
    </p>

    <p class='ocr_par' dir='ltr' id='par_1_18' title="bbox 261 3825 801 3913">
     <span class='ocr_line' id='line_1_29' title="bbox 261 3825 801 3913; baseline -0.004 -21"><span class='ocrx_word' id='word_1_119' title='bbox 261 3827 374 3892; x_wconf 91' lang='lat' dir='ltr'>occidit</span> <span class='ocrx_word' id='word_1_120' title='bbox 390 3827 475 3892; x_wconf 88' lang='lat' dir='ltr'>Daci</span> <span class='ocrx_word' id='word_1_121' title='bbox 494 3825 653 3892; x_wconf 87' lang='lat' dir='ltr'>Cotisonis</span> <span class='ocrx_word' id='word_1_122' title='bbox 672 3850 801 3913; x_wconf 83' lang='lat' dir='ltr'>agmen3</span> 
     </span>
    </p>

    <p class='ocr_par' dir='ltr' id='par_1_19' title="bbox 260 3920 775 4092">
     <span class='ocr_line' id='line_1_30' title="bbox 260 3920 775 3987; baseline 0.004 -2"><span class='ocrx_word' id='word_1_123' title='bbox 260 3920 376 3987; x_wconf 89' lang='lat' dir='ltr'>Medus</span> <span class='ocrx_word' id='word_1_124' title='bbox 394 3922 528 3987; x_wconf 90' lang='lat' dir='ltr'>infestus</span> <span class='ocrx_word' id='word_1_125' title='bbox 547 3920 607 3987; x_wconf 91' lang='lat' dir='ltr'>sibi</span> <span class='ocrx_word' id='word_1_126' title='bbox 624 3921 775 3987; x_wconf 85' lang='lat' dir='ltr'>luctuosis</span> 
     </span>
     <span class='ocr_line' id='line_1_31' title="bbox 324 4014 583 4092; baseline -0.008 -12"><span class='ocrx_word' id='word_1_127' title='bbox 324 4015 457 4080; x_wconf 85' lang='lat' dir='ltr'>dissidet</span> <span class='ocrx_word' id='word_1_128' title='bbox 474 4014 568 4079; x_wconf 90' lang='lat' dir='ltr'>armis</span> <span class='ocrx_word' id='word_1_129' title='bbox 573 4038 583 4092; x_wconf 92' lang='lat'>;</span> 
     </span>
    </p>
   </div>
   <div class='ocr_carea' id='block_1_11' title="bbox 261 4149 857 4320">
    <p class='ocr_par' dir='ltr' id='par_1_20' title="bbox 261 4149 857 4320">
     <span class='ocr_line' id='line_1_32' title="bbox 261 4149 857 4236; baseline -0.003 -21"><span class='ocrx_word' id='word_1_130' title='bbox 261 4152 356 4215; x_wconf 85' lang='lat' dir='ltr'>servit</span> <span class='ocrx_word' id='word_1_131' title='bbox 373 4151 538 4236; x_wconf 85' lang='lat' dir='ltr'>Hispanae</span> <span class='ocrx_word' id='word_1_132' title='bbox 554 4160 646 4215; x_wconf 91' lang='lat' dir='ltr'>vetus</span> <span class='ocrx_word' id='word_1_133' title='bbox 663 4149 763 4215; x_wconf 91' lang='lat' dir='ltr'>hostis</span> <span class='ocrx_word' id='word_1_134' title='bbox 783 4171 857 4213; x_wconf 87' lang='lat' dir='ltr'>orae</span> 
     </span>
     <span class='ocr_line' id='line_1_33' title="bbox 262 4242 803 4320; baseline -0.004 -11"><span class='ocrx_word' id='word_1_135' title='bbox 262 4242 420 4310; x_wconf 81' lang='lat' dir='ltr'>Cantaber</span> <span class='ocrx_word' id='word_1_136' title='bbox 437 4267 508 4310; x_wconf 88' lang='lat' dir='ltr'>sera</span> <span class='ocrx_word' id='word_1_137' title='bbox 525 4246 661 4310; x_wconf 88' lang='lat' dir='ltr'>domitus</span> <span class='ocrx_word' id='word_1_138' title='bbox 679 4253 803 4320; x_wconf 84' lang='lat' dir='ltr'>catena3</span> 
     </span>
    </p>
   </div>
   <div class='ocr_carea' id='block_1_12' title="bbox 261 4336 870 4518">
    <p class='ocr_par' dir='ltr' id='par_1_21' title="bbox 261 4336 870 4518">
     <span class='ocr_line' id='line_1_34' title="bbox 261 4336 870 4424; baseline -0.003 -21"><span class='ocrx_word' id='word_1_139' title='bbox 261 4338 325 4403; x_wconf 88' lang='lat' dir='ltr'>iam</span> <span class='ocrx_word' id='word_1_140' title='bbox 343 4336 480 4424; x_wconf 85' lang='lat' dir='ltr'>Scythae</span> <span class='ocrx_word' id='word_1_141' title='bbox 497 4339 571 4404; x_wconf 84' lang='lat' dir='ltr'>laxo</span> <span class='ocrx_word' id='word_1_142' title='bbox 588 4338 776 4403; x_wconf 88' lang='lat' dir='ltr'>meditantur</span> <span class='ocrx_word' id='word_1_143' title='bbox 793 4359 870 4402; x_wconf 83' lang='lat' dir='ltr'>arcu</span> 
     </span>
     <span class='ocr_line' id='line_1_35' title="bbox 326 4434 583 4518; baseline -0.004 -20"><span class='ocrx_word' id='word_1_144' title='bbox 326 4435 435 4498; x_wconf 90' lang='lat' dir='ltr'>cedere</span> <span class='ocrx_word' id='word_1_145' title='bbox 453 4434 583 4518; x_wconf 88' lang='lat' dir='ltr'>eampis.</span> 
     </span>
    </p>
   </div>
   <div class='ocr_carea' id='block_1_13' title="bbox 0 0 1620 5442">
    <p class='ocr_par' dir='ltr' id='par_1_22' title="bbox 0 0 1620 5442">
     <span class='ocr_line' id='line_1_36' title="bbox 0 0 1620 5442; baseline 0 0"><span class='ocrx_word' id='word_1_146' title='bbox 0 0 1620 5442; x_wconf 95' lang='lat' dir='ltr'> </span> 
     </span>
    </p>
   </div>
  </div>
 </body>
</html>
