<?xml version="1.0" encoding="UTF-8"?>
<!DOCTYPE html PUBLIC "-//W3C//DTD XHTML 1.0 Transitional//EN"
    "http://www.w3.org/TR/xhtml1/DTD/xhtml1-transitional.dtd">
<html xmlns="http://www.w3.org/1999/xhtml" xml:lang="en" lang="en">
 <head>
  <title>
</title>
<meta http-equiv="Content-Type" content="text/html;charset=utf-8" />
  <meta name='ocr-system' content='tesseract 3.04.00' />
  <meta name='ocr-capabilities' content='ocr_page ocr_carea ocr_par ocr_line ocrx_word'/>
</head>
<body>
  <div class='ocr_page' id='page_1' title='image "./qhoratiiflaccio00stalgoog/qhoratiiflaccio00stalgoog_0142.png"; bbox 0 0 3225 5442; ppageno 0'>
   <div class='ocr_carea' id='block_1_1' title="bbox 634 712 1003 779">
    <p class='ocr_par' dir='ltr' id='par_1_1' title="bbox 634 712 1003 779">
     <span class='ocr_line' id='line_1_1' title="bbox 634 712 1003 779; baseline 0 -11"><span class='ocrx_word' id='word_1_1' title='bbox 634 715 667 779; x_wconf 84' lang='lat' dir='ltr'>Q.</span> <span class='ocrx_word' id='word_1_2' title='bbox 682 712 847 768; x_wconf 80' lang='lat' dir='ltr'>HORATII</span> <span class='ocrx_word' id='word_1_3' title='bbox 860 712 1003 768; x_wconf 78' lang='lat' dir='ltr'>FLAccl</span> 
     </span>
    </p>
   </div>
   <div class='ocr_carea' id='block_1_2' title="bbox 453 869 1066 1237">
    <p class='ocr_par' dir='ltr' id='par_1_2' title="bbox 453 869 1066 1237">
     <span class='ocr_line' id='line_1_2' title="bbox 453 869 1010 936; baseline -0.004 -1"><span class='ocrx_word' id='word_1_4' title='bbox 453 872 607 936; x_wconf 86' lang='lat' dir='ltr'>horrenda</span> <span class='ocrx_word' id='word_1_5' title='bbox 624 870 685 935; x_wconf 85' lang='lat' dir='ltr'>late</span> <span class='ocrx_word' id='word_1_6' title='bbox 703 892 818 934; x_wconf 84' lang='lat' dir='ltr'>nornen</span> <span class='ocrx_word' id='word_1_7' title='bbox 835 870 868 934; x_wconf 93' lang='lat' dir='ltr'>in</span> <span class='ocrx_word' id='word_1_8' title='bbox 883 869 1010 934; x_wconf 87' lang='lat' dir='ltr'>ultimas</span> 
     </span>
     <span class='ocr_line' id='line_1_3' title="bbox 455 964 1047 1047; baseline -0.002 -18"><span class='ocrx_word' id='word_1_9' title='bbox 455 966 602 1029; x_wconf 85' lang='lat' dir='ltr'>extendat</span> <span class='ocrx_word' id='word_1_10' title='bbox 619 987 704 1040; x_wconf 87' lang='lat' dir='ltr'>oras,</span> <span class='ocrx_word' id='word_1_11' title='bbox 723 985 786 1047; x_wconf 85' lang='lat' dir='ltr'>qua</span> <span class='ocrx_word' id='word_1_12' title='bbox 803 964 926 1028; x_wconf 90' lang='lat' dir='ltr'>medius</span> <span class='ocrx_word' id='word_1_13' title='bbox 944 964 1047 1047; x_wconf 90' lang='lat' dir='ltr'>liquor</span> 
     </span>
     <span class='ocr_line' id='line_1_4' title="bbox 498 1056 966 1142; baseline -0.006 -19"><span class='ocrx_word' id='word_1_14' title='bbox 498 1059 630 1123; x_wconf 84' lang='lat' dir='ltr'>secernit</span> <span class='ocrx_word' id='word_1_15' title='bbox 648 1057 798 1142; x_wconf 87' lang='lat' dir='ltr'>Europen</span> <span class='ocrx_word' id='word_1_16' title='bbox 816 1057 857 1122; x_wconf 86' lang='lat' dir='ltr'>ab</span> <span class='ocrx_word' id='word_1_17' title='bbox 874 1056 966 1133; x_wconf 83' lang='lat' dir='ltr'>Afro,</span> 
     </span>
     <span class='ocr_line' id='line_1_5' title="bbox 539 1152 1066 1237; baseline 0 -20"><span class='ocrx_word' id='word_1_18' title='bbox 539 1176 601 1237; x_wconf 89' lang='lat' dir='ltr'>qua</span> <span class='ocrx_word' id='word_1_19' title='bbox 619 1152 756 1218; x_wconf 89' lang='lat' dir='ltr'>tumidus</span> <span class='ocrx_word' id='word_1_20' title='bbox 775 1153 856 1237; x_wconf 87' lang='lat' dir='ltr'>rigat</span> <span class='ocrx_word' id='word_1_21' title='bbox 873 1175 948 1217; x_wconf 88' lang='lat' dir='ltr'>arva</span> <span class='ocrx_word' id='word_1_22' title='bbox 964 1152 1066 1229; x_wconf 89' lang='lat' dir='ltr'>Nilus,</span> 
     </span>
    </p>
   </div>
   <div class='ocr_carea' id='block_1_3' title="bbox 453 1293 1131 1661">
    <p class='ocr_par' dir='ltr' id='par_1_3' title="bbox 453 1293 1131 1661">
     <span class='ocr_line' id='line_1_6' title="bbox 454 1293 1131 1379; baseline 0 -20"><span class='ocrx_word' id='word_1_23' title='bbox 454 1318 564 1359; x_wconf 88' lang='lat' dir='ltr'>aurum</span> <span class='ocrx_word' id='word_1_24' title='bbox 580 1295 763 1379; x_wconf 81' lang='lat' dir='ltr'>inrepertum</span> <span class='ocrx_word' id='word_1_25' title='bbox 782 1301 813 1356; x_wconf 88' lang='lat' dir='ltr'>et</span> <span class='ocrx_word' id='word_1_26' title='bbox 831 1294 877 1357; x_wconf 90' lang='lat' dir='ltr'>sic</span> <span class='ocrx_word' id='word_1_27' title='bbox 894 1293 1006 1358; x_wconf 88' lang='lat' dir='ltr'>melius</span> <span class='ocrx_word' id='word_1_28' title='bbox 1025 1294 1131 1372; x_wconf 86' lang='lat' dir='ltr'>situm,</span> 
     </span>
     <span class='ocr_line' id='line_1_7' title="bbox 453 1386 1053 1472; baseline 0.002 -21"><span class='ocrx_word' id='word_1_29' title='bbox 453 1411 551 1471; x_wconf 92' lang='lat' dir='ltr'>quum</span> <span class='ocrx_word' id='word_1_30' title='bbox 568 1397 649 1452; x_wconf 89' lang='lat' dir='ltr'>terra</span> <span class='ocrx_word' id='word_1_31' title='bbox 667 1386 760 1462; x_wconf 88' lang='lat' dir='ltr'>celat,</span> <span class='ocrx_word' id='word_1_32' title='bbox 780 1409 925 1472; x_wconf 88' lang='lat' dir='ltr'>spernere</span> <span class='ocrx_word' id='word_1_33' title='bbox 944 1386 1053 1452; x_wconf 83' lang='lat' dir='ltr'>fortior</span> 
     </span>
     <span class='ocr_line' id='line_1_8' title="bbox 495 1481 1053 1567; baseline 0.002 -21"><span class='ocrx_word' id='word_1_34' title='bbox 495 1506 590 1566; x_wconf 91' lang='lat' dir='ltr'>quam</span> <span class='ocrx_word' id='word_1_35' title='bbox 608 1505 734 1567; x_wconf 85' lang='lat' dir='ltr'>cogere,</span> <span class='ocrx_word' id='word_1_36' title='bbox 753 1481 908 1546; x_wconf 92' lang='lat' dir='ltr'>humanos</span> <span class='ocrx_word' id='word_1_37' title='bbox 926 1482 959 1546; x_wconf 94' lang='lat' dir='ltr'>in</span> <span class='ocrx_word' id='word_1_38' title='bbox 975 1506 1053 1548; x_wconf 88' lang='lat' dir='ltr'>usus</span> 
     </span>
     <span class='ocr_line' id='line_1_9' title="bbox 539 1576 1065 1661; baseline 0.002 -20"><span class='ocrx_word' id='word_1_39' title='bbox 539 1599 630 1641; x_wconf 90' lang='lat' dir='ltr'>omne</span> <span class='ocrx_word' id='word_1_40' title='bbox 649 1599 773 1641; x_wconf 89' lang='lat' dir='ltr'>sacrum</span> <span class='ocrx_word' id='word_1_41' title='bbox 789 1576 928 1661; x_wconf 85' lang='lat' dir='ltr'>rapiente</span> <span class='ocrx_word' id='word_1_42' title='bbox 946 1578 1065 1642; x_wconf 83' lang='lat' dir='ltr'>dextra.</span> 
     </span>
    </p>
   </div>
   <div class='ocr_carea' id='block_1_4' title="bbox 454 1715 1095 2083">
    <p class='ocr_par' dir='ltr' id='par_1_4' title="bbox 454 1715 1095 1800">
     <span class='ocr_line' id='line_1_10' title="bbox 454 1715 1095 1800; baseline 0 -19"><span class='ocrx_word' id='word_1_43' title='bbox 454 1717 642 1800; x_wconf 84' lang='lat' dir='ltr'>quicumque</span> <span class='ocrx_word' id='word_1_44' title='bbox 660 1717 778 1780; x_wconf 92' lang='lat' dir='ltr'>mundo</span> <span class='ocrx_word' id='word_1_45' title='bbox 797 1716 947 1781; x_wconf 87' lang='lat' dir='ltr'>terminus</span> <span class='ocrx_word' id='word_1_46' title='bbox 965 1715 1095 1794; x_wconf 85' lang='lat' dir='ltr'>obstitit,</span> 
     </span>
    </p>

    <p class='ocr_par' dir='ltr' id='par_1_5' title="bbox 454 1810 1078 2083">
     <span class='ocr_line' id='line_1_11' title="bbox 454 1810 1078 1897; baseline 0 -22"><span class='ocrx_word' id='word_1_47' title='bbox 454 1811 537 1875; x_wconf 90' lang='lat' dir='ltr'>hunc</span> <span class='ocrx_word' id='word_1_48' title='bbox 556 1820 664 1897; x_wconf 86' lang='lat' dir='ltr'>tangat</span> <span class='ocrx_word' id='word_1_49' title='bbox 681 1811 790 1887; x_wconf 89' lang='lat' dir='ltr'>armis,</span> <span class='ocrx_word' id='word_1_50' title='bbox 809 1810 911 1875; x_wconf 85' lang='lat' dir='ltr'>visere</span> <span class='ocrx_word' id='word_1_51' title='bbox 929 1811 1078 1896; x_wconf 77' lang='lat' dir='ltr'>gestiens,</span> 
     </span>
     <span class='ocr_line' id='line_1_12' title="bbox 497 1905 1031 1991; baseline 0.002 -23"><span class='ocrx_word' id='word_1_52' title='bbox 497 1928 559 1988; x_wconf 92' lang='lat' dir='ltr'>qua</span> <span class='ocrx_word' id='word_1_53' title='bbox 577 1914 663 1990; x_wconf 88' lang='lat' dir='ltr'>parte</span> <span class='ocrx_word' id='word_1_54' title='bbox 682 1905 915 1970; x_wconf 80' lang='lat' dir='ltr'>debacchentur</span> <span class='ocrx_word' id='word_1_55' title='bbox 931 1906 1031 1991; x_wconf 82' lang='lat' dir='ltr'>ignes,</span> 
     </span>
     <span class='ocr_line' id='line_1_13' title="bbox 538 1998 1040 2083; baseline -0.002 -21"><span class='ocrx_word' id='word_1_56' title='bbox 538 2022 601 2082; x_wconf 90' lang='lat' dir='ltr'>qua</span> <span class='ocrx_word' id='word_1_57' title='bbox 617 1998 750 2064; x_wconf 82' lang='lat' dir='ltr'>nebulae</span> <span class='ocrx_word' id='word_1_58' title='bbox 767 1998 928 2083; x_wconf 80' lang='lat' dir='ltr'>pluviique</span> <span class='ocrx_word' id='word_1_59' title='bbox 945 2021 1040 2063; x_wconf 90' lang='lat' dir='ltr'>rores.</span> 
     </span>
    </p>
   </div>
   <div class='ocr_carea' id='block_1_5' title="bbox 455 2134 1036 2502">
    <p class='ocr_par' dir='ltr' id='par_1_6' title="bbox 455 2134 1036 2502">
     <span class='ocr_line' id='line_1_14' title="bbox 455 2134 963 2219; baseline 0.004 -21"><span class='ocrx_word' id='word_1_60' title='bbox 455 2136 511 2198; x_wconf 90' lang='lat' dir='ltr'>sed</span> <span class='ocrx_word' id='word_1_61' title='bbox 528 2134 684 2200; x_wconf 85' lang='lat' dir='ltr'>bellicosis</span> <span class='ocrx_word' id='word_1_62' title='bbox 704 2136 769 2200; x_wconf 88' lang='lat' dir='ltr'>sata</span> <span class='ocrx_word' id='word_1_63' title='bbox 788 2136 963 2219; x_wconf 82' lang='lat' dir='ltr'>Quiritibus</span> 
     </span>
     <span class='ocr_line' id='line_1_15' title="bbox 455 2229 973 2316; baseline -0.002 -23"><span class='ocrx_word' id='word_1_64' title='bbox 455 2229 514 2293; x_wconf 87' lang='lat' dir='ltr'>hac</span> <span class='ocrx_word' id='word_1_65' title='bbox 531 2230 602 2316; x_wconf 85' lang='lat' dir='ltr'>lege</span> <span class='ocrx_word' id='word_1_66' title='bbox 620 2231 703 2306; x_wconf 89' lang='lat' dir='ltr'>dico,</span> <span class='ocrx_word' id='word_1_67' title='bbox 722 2253 762 2295; x_wconf 90' lang='lat' dir='ltr'>ne</span> <span class='ocrx_word' id='word_1_68' title='bbox 780 2230 912 2294; x_wconf 89' lang='lat' dir='ltr'>nimium</span> <span class='ocrx_word' id='word_1_69' title='bbox 930 2230 973 2315; x_wconf 92' lang='lat' dir='ltr'>pii</span> 
     </span>
     <span class='ocr_line' id='line_1_16' title="bbox 495 2323 922 2407; baseline 0.002 -20"><span class='ocrx_word' id='word_1_70' title='bbox 495 2323 652 2407; x_wconf 89' lang='lat' dir='ltr'>rebusque</span> <span class='ocrx_word' id='word_1_71' title='bbox 670 2324 801 2389; x_wconf 84' lang='lat' dir='ltr'>fidentes</span> <span class='ocrx_word' id='word_1_72' title='bbox 821 2324 922 2388; x_wconf 85' lang='lat' dir='ltr'>avitae</span> 
     </span>
     <span class='ocr_line' id='line_1_17' title="bbox 538 2417 1036 2502; baseline 0 -21"><span class='ocrx_word' id='word_1_73' title='bbox 538 2427 621 2482; x_wconf 87' lang='lat' dir='ltr'>tecta</span> <span class='ocrx_word' id='word_1_74' title='bbox 638 2417 734 2483; x_wconf 87' lang='lat' dir='ltr'>velint</span> <span class='ocrx_word' id='word_1_75' title='bbox 751 2439 895 2502; x_wconf 86' lang='lat' dir='ltr'>reparare</span> <span class='ocrx_word' id='word_1_76' title='bbox 913 2417 1036 2482; x_wconf 86' lang='lat' dir='ltr'>Troiae.</span> 
     </span>
    </p>
   </div>
   <div class='ocr_carea' id='block_1_6' title="bbox 455 2554 1024 2922">
    <p class='ocr_par' dir='ltr' id='par_1_7' title="bbox 455 2554 1024 2922">
     <span class='ocr_line' id='line_1_18' title="bbox 455 2554 986 2641; baseline 0.002 -24"><span class='ocrx_word' id='word_1_77' title='bbox 455 2554 567 2620; x_wconf 85' lang='lat' dir='ltr'>Troiae</span> <span class='ocrx_word' id='word_1_78' title='bbox 584 2577 752 2619; x_wconf 85' lang='lat' dir='ltr'>renascens</span> <span class='ocrx_word' id='word_1_79' title='bbox 770 2555 844 2620; x_wconf 84' lang='lat' dir='ltr'>alite</span> <span class='ocrx_word' id='word_1_80' title='bbox 860 2554 986 2641; x_wconf 85' lang='lat' dir='ltr'>lugubri</span> 
     </span>
     <span class='ocr_line' id='line_1_19' title="bbox 455 2646 972 2725; baseline 0.002 -15"><span class='ocrx_word' id='word_1_81' title='bbox 455 2646 581 2712; x_wconf 85' lang='lat' dir='ltr'>fortuna</span> <span class='ocrx_word' id='word_1_82' title='bbox 597 2648 677 2713; x_wconf 85' lang='lat' dir='ltr'>tristi</span> <span class='ocrx_word' id='word_1_83' title='bbox 695 2648 783 2713; x_wconf 89' lang='lat' dir='ltr'>clade</span> <span class='ocrx_word' id='word_1_84' title='bbox 800 2647 972 2725; x_wconf 82' lang='lat' dir='ltr'>iterabitur,</span> 
     </span>
     <span class='ocr_line' id='line_1_20' title="bbox 497 2742 953 2807; baseline 0.002 -2"><span class='ocrx_word' id='word_1_85' title='bbox 497 2742 630 2806; x_wconf 88' lang='lat' dir='ltr'>ducente</span> <span class='ocrx_word' id='word_1_86' title='bbox 649 2742 792 2807; x_wconf 88' lang='lat' dir='ltr'>victrices</span> <span class='ocrx_word' id='word_1_87' title='bbox 812 2751 953 2807; x_wconf 88' lang='lat' dir='ltr'>catervas</span> 
     </span>
     <span class='ocr_line' id='line_1_21' title="bbox 539 2836 1024 2922; baseline 0 -23"><span class='ocrx_word' id='word_1_88' title='bbox 539 2837 672 2922; x_wconf 86' lang='lat' dir='ltr'>coniuge</span> <span class='ocrx_word' id='word_1_89' title='bbox 689 2858 739 2900; x_wconf 87' lang='lat' dir='ltr'>mc</span> <span class='ocrx_word' id='word_1_90' title='bbox 757 2836 843 2901; x_wconf 89' lang='lat' dir='ltr'>Iovis</span> <span class='ocrx_word' id='word_1_91' title='bbox 862 2845 893 2900; x_wconf 89' lang='lat' dir='ltr'>et</span> <span class='ocrx_word' id='word_1_92' title='bbox 910 2858 1024 2901; x_wconf 88' lang='lat' dir='ltr'>sorore.</span> 
     </span>
    </p>
   </div>
   <div class='ocr_carea' id='block_1_7' title="bbox 455 2973 1099 3339">
    <p class='ocr_par' dir='ltr' id='par_1_8' title="bbox 455 2973 1099 3339">
     <span class='ocr_line' id='line_1_22' title="bbox 456 2973 969 3059; baseline 0.004 -25"><span class='ocrx_word' id='word_1_93' title='bbox 456 2980 503 3036; x_wconf 91' lang='lat' dir='ltr'>ter</span> <span class='ocrx_word' id='word_1_94' title='bbox 520 2973 547 3037; x_wconf 89' lang='lat' dir='ltr'>si</span> <span class='ocrx_word' id='word_1_95' title='bbox 564 2982 706 3059; x_wconf 82' lang='lat' dir='ltr'>resurgat</span> <span class='ocrx_word' id='word_1_96' title='bbox 726 2995 834 3037; x_wconf 91' lang='lat' dir='ltr'>murus</span> <span class='ocrx_word' id='word_1_97' title='bbox 853 2994 969 3036; x_wconf 88' lang='lat' dir='ltr'>aeneus</span> 
     </span>
     <span class='ocr_line' id='line_1_23' title="bbox 455 3064 1028 3150; baseline 0 -22"><span class='ocrx_word' id='word_1_98' title='bbox 455 3074 580 3130; x_wconf 85' lang='lat' dir='ltr'>auctore</span> <span class='ocrx_word' id='word_1_99' title='bbox 597 3064 742 3143; x_wconf 90' lang='lat' dir='ltr'>Phoebo,</span> <span class='ocrx_word' id='word_1_100' title='bbox 762 3076 809 3129; x_wconf 91' lang='lat' dir='ltr'>ter</span> <span class='ocrx_word' id='word_1_101' title='bbox 825 3075 933 3150; x_wconf 86' lang='lat' dir='ltr'>pereat</span> <span class='ocrx_word' id='word_1_102' title='bbox 949 3064 1028 3129; x_wconf 87' lang='lat' dir='ltr'>meis</span> 
     </span>
     <span class='ocr_line' id='line_1_24' title="bbox 498 3159 949 3246; baseline 0 -24"><span class='ocrx_word' id='word_1_103' title='bbox 498 3160 622 3225; x_wconf 87' lang='lat' dir='ltr'>excisus</span> <span class='ocrx_word' id='word_1_104' title='bbox 640 3159 785 3246; x_wconf 82' lang='lat' dir='ltr'>Argivis,</span> <span class='ocrx_word' id='word_1_105' title='bbox 805 3168 853 3223; x_wconf 89' lang='lat' dir='ltr'>ter</span> <span class='ocrx_word' id='word_1_106' title='bbox 869 3182 949 3223; x_wconf 86' lang='lat' dir='ltr'>uxor</span> 
     </span>
     <span class='ocr_line' id='line_1_25' title="bbox 540 3252 1099 3339; baseline -0.004 -22"><span class='ocrx_word' id='word_1_107' title='bbox 540 3263 631 3339; x_wconf 85' lang='lat' dir='ltr'>capta</span> <span class='ocrx_word' id='word_1_108' title='bbox 649 3254 750 3318; x_wconf 91' lang='lat' dir='ltr'>virum</span> <span class='ocrx_word' id='word_1_109' title='bbox 767 3274 943 3337; x_wconf 91' lang='lat' dir='ltr'>puerosque</span> <span class='ocrx_word' id='word_1_110' title='bbox 960 3252 1099 3337; x_wconf 85' lang='lat' dir='ltr'>ploretl“</span> 
     </span>
    </p>
   </div>
   <div class='ocr_carea' id='block_1_8' title="bbox 454 3391 1093 3760">
    <p class='ocr_par' dir='ltr' id='par_1_9' title="bbox 454 3391 1093 3760">
     <span class='ocr_line' id='line_1_26' title="bbox 454 3391 1078 3476; baseline 0.003 -23"><span class='ocrx_word' id='word_1_111' title='bbox 454 3414 517 3454; x_wconf 91' lang='lat' dir='ltr'>non</span> <span class='ocrx_word' id='word_1_112' title='bbox 535 3391 612 3456; x_wconf 86' lang='lat' dir='ltr'>haec</span> <span class='ocrx_word' id='word_1_113' title='bbox 630 3392 754 3457; x_wconf 88' lang='lat' dir='ltr'>iocosae</span> <span class='ocrx_word' id='word_1_114' title='bbox 773 3392 962 3455; x_wconf 88' lang='lat' dir='ltr'>conveniunt</span> <span class='ocrx_word' id='word_1_115' title='bbox 978 3392 1078 3476; x_wconf 83' lang='lat' dir='ltr'>lyrae:</span> 
     </span>
     <span class='ocr_line' id='line_1_27' title="bbox 455 3484 1093 3570; baseline 0.002 -22"><span class='ocrx_word' id='word_1_116' title='bbox 455 3506 532 3567; x_wconf 86' lang='lat' dir='ltr'>quo,</span> <span class='ocrx_word' id='word_1_117' title='bbox 551 3484 661 3562; x_wconf 89' lang='lat' dir='ltr'>Musa,</span> <span class='ocrx_word' id='word_1_118' title='bbox 680 3485 802 3549; x_wconf 86' lang='lat' dir='ltr'>tendis?</span> <span class='ocrx_word' id='word_1_119' title='bbox 819 3485 928 3552; x_wconf 91' lang='lat' dir='ltr'>desine</span> <span class='ocrx_word' id='word_1_120' title='bbox 944 3485 1093 3570; x_wconf 83' lang='lat' dir='ltr'>pervicax</span> 
     </span>
     <span class='ocr_line' id='line_1_28' title="bbox 497 3580 987 3645; baseline 0.002 -3"><span class='ocrx_word' id='word_1_121' title='bbox 497 3580 612 3644; x_wconf 84' lang='lat' dir='ltr'>referre</span> <span class='ocrx_word' id='word_1_122' title='bbox 631 3602 790 3645; x_wconf 88' lang='lat' dir='ltr'>sermones</span> <span class='ocrx_word' id='word_1_123' title='bbox 809 3580 938 3643; x_wconf 89' lang='lat' dir='ltr'>deorum</span> <span class='ocrx_word' id='word_1_124' title='bbox 956 3588 987 3644; x_wconf 87' lang='lat' dir='ltr'>et</span> 
     </span>
     <span class='ocr_line' id='line_1_29' title="bbox 540 3674 1054 3760; baseline 0.002 -23"><span class='ocrx_word' id='word_1_125' title='bbox 540 3697 656 3760; x_wconf 85' lang='lat' dir='ltr'>magna</span> <span class='ocrx_word' id='word_1_126' title='bbox 673 3674 775 3738; x_wconf 91' lang='lat' dir='ltr'>modis</span> <span class='ocrx_word' id='word_1_127' title='bbox 793 3683 921 3738; x_wconf 90' lang='lat' dir='ltr'>tenuare</span> <span class='ocrx_word' id='word_1_128' title='bbox 938 3674 1054 3758; x_wconf 72' lang='lat' dir='ltr'>partis.</span> 
     </span>
    </p>
   </div>
   <div class='ocr_carea' id='block_1_9' title="bbox 648 3900 992 4094">
    <p class='ocr_par' dir='ltr' id='par_1_10' title="bbox 648 3900 992 4094">
     <span class='ocr_line' id='line_1_30' title="bbox 682 3900 961 3961; baseline -0.014 0"><span class='ocrx_word' id='word_1_129' title='bbox 682 3900 879 3961; x_wconf 77' lang='lat' dir='ltr'><strong>CARMEN</strong></span> <span class='ocrx_word' id='word_1_130' title='bbox 901 3900 961 3959; x_wconf 90' lang='lat' dir='ltr'>IV.</span> 
     </span>
     <span class='ocr_line' id='line_1_31' title="bbox 648 4043 992 4094; baseline -0.012 -2"><span class='ocrx_word' id='word_1_131' title='bbox 648 4045 704 4093; x_wconf 83' lang='lat' dir='ltr'>Ao</span> <span class='ocrx_word' id='word_1_132' title='bbox 730 4043 992 4094; x_wconf 69' lang='lat' dir='ltr'>camoena.</span> 
     </span>
    </p>
   </div>
   <div class='ocr_carea' id='block_1_10' title="bbox 455 4170 1076 4538">
    <p class='ocr_par' dir='ltr' id='par_1_11' title="bbox 455 4170 1076 4538">
     <span class='ocr_line' id='line_1_32' title="bbox 455 4170 1017 4259; baseline 0 -25"><span class='ocrx_word' id='word_1_133' title='bbox 455 4170 623 4237; x_wconf 90' lang='lat' dir='ltr'>Descende</span> <span class='ocrx_word' id='word_1_134' title='bbox 642 4174 729 4238; x_wconf 89' lang='lat' dir='ltr'>caclo</span> <span class='ocrx_word' id='word_1_135' title='bbox 747 4184 778 4237; x_wconf 89' lang='lat' dir='ltr'>et</span> <span class='ocrx_word' id='word_1_136' title='bbox 795 4174 847 4237; x_wconf 93' lang='lat' dir='ltr'>dic</span> <span class='ocrx_word' id='word_1_137' title='bbox 863 4195 923 4259; x_wconf 86' lang='lat' dir='ltr'>age</span> <span class='ocrx_word' id='word_1_138' title='bbox 941 4171 1017 4236; x_wconf 89' lang='lat' dir='ltr'>tibia</span> 
     </span>
     <span class='ocr_line' id='line_1_33' title="bbox 456 4266 999 4354; baseline 0.004 -26"><span class='ocrx_word' id='word_1_139' title='bbox 456 4266 564 4351; x_wconf 86' lang='lat' dir='ltr'>regina</span> <span class='ocrx_word' id='word_1_140' title='bbox 580 4266 710 4354; x_wconf 86' lang='lat' dir='ltr'>longum</span> <span class='ocrx_word' id='word_1_141' title='bbox 730 4267 872 4352; x_wconf 84' lang='lat' dir='ltr'>Calliope</span> <span class='ocrx_word' id='word_1_142' title='bbox 890 4266 999 4340; x_wconf 87' lang='lat' dir='ltr'>melos,</span> 
     </span>
     <span class='ocr_line' id='line_1_34' title="bbox 499 4361 991 4435; baseline 0 -13"><span class='ocrx_word' id='word_1_143' title='bbox 499 4381 555 4423; x_wconf 91' lang='lat' dir='ltr'>seu</span> <span class='ocrx_word' id='word_1_144' title='bbox 573 4383 651 4424; x_wconf 88' lang='lat' dir='ltr'>voce</span> <span class='ocrx_word' id='word_1_145' title='bbox 669 4384 753 4425; x_wconf 93' lang='lat' dir='ltr'>nunc</span> <span class='ocrx_word' id='word_1_146' title='bbox 770 4361 871 4424; x_wconf 85' lang='lat' dir='ltr'>mavis</span> <span class='ocrx_word' id='word_1_147' title='bbox 890 4369 991 4435; x_wconf 87' lang='lat' dir='ltr'>acuta,</span> 
     </span>
     <span class='ocr_line' id='line_1_35' title="bbox 541 4451 1076 4538; baseline -0.006 -21"><span class='ocrx_word' id='word_1_148' title='bbox 541 4475 598 4517; x_wconf 86' lang='lat' dir='ltr'>scu</span> <span class='ocrx_word' id='word_1_149' title='bbox 615 4454 729 4520; x_wconf 87' lang='lat' dir='ltr'>fidibus</span> <span class='ocrx_word' id='word_1_150' title='bbox 748 4454 927 4538; x_wconf 88' lang='lat' dir='ltr'>citharaque</span> <span class='ocrx_word' id='word_1_151' title='bbox 945 4451 1076 4517; x_wconf 88' lang='lat' dir='ltr'>Phoebi.</span> 
     </span>
    </p>
   </div>
   <div class='ocr_carea' id='block_1_11' title="bbox 0 0 1623 5442">
    <p class='ocr_par' dir='ltr' id='par_1_12' title="bbox 0 0 1623 5442">
     <span class='ocr_line' id='line_1_36' title="bbox 0 0 1623 5442; baseline 0 0"><span class='ocrx_word' id='word_1_152' title='bbox 0 0 1623 5442; x_wconf 95' lang='lat' dir='ltr'> </span> 
     </span>
    </p>
   </div>
  </div>
 </body>
</html>
