3225 5442
416 676 420 684 Ι
483 726 690 784 culsamuel
707 727 781 782 LIB.
795 728 817 781 I.

473 974 672 1035 GARMEN
693 973 833 1034 XXXV.

396 1120 449 1168 Ar>
468 1116 677 1168 rouruunu
694 1116 905 1167 nurmrnu.

266 1244 297 1311 Ο
316 1245 402 1319 diva,
421 1256 545 1329 gratum
563 1263 643 1325 quae
661 1242 744 1327 regis
762 1241 905 1317 Antium,

264 1359 412 1424 praesens
430 1337 480 1400 vel
498 1335 562 1399 imo
579 1335 687 1399 tollere
705 1335 744 1399 de
762 1336 863 1420 gradu
898 1381 902 1389 ·

306 1430 434 1496 mortale
452 1452 580 1514 corpus,
598 1429 649 1493 vel
667 1428 820 1513 superbos

347 1534 467 1589 vertere
484 1522 647 1587 funeribus
665 1521 853 1607 triumphos:

264 1671 295 1725 te
312 1682 432 1745 pauper
449 1658 547 1723 ambit
565 1658 697 1723 sollicita
713 1680 806 1742 prece

262 1755 341 1818 ruris
360 1754 489 1818 colonus
495 1778 505 1831 3
523 1762 554 1817 te
572 1752 729 1816 dominam
748 1752 902 1835 aequoris,

304 1848 491 1930 quicumque
508 1845 648 1931 Bithyna
664 1844 791 1909 lacessit

348 1937 552 2026 Carpathium
568 1940 701 2026 pelagus
719 1940 834 2003 carina.

262 2087 292 2141 te
309 2077 419 2141 Dacus
437 2099 543 2162 asper,
563 2084 593 2139 te
611 2074 739 2161 profugi
757 2072 896 2159 Seytlrae

262 2170 416 2252 urbesque
433 2174 606 2255 gentesque
624 2179 656 2233 et
672 2168 803 2232 Latium
821 2168 910 2233 ferox

303 2284 474 2349 regumque
491 2272 606 2327 matres
624 2261 828 2326 barbarorum
847 2273 878 2327 et

344 2357 492 2442 purpurei
509 2366 653 2421 metuunt
669 2356 802 2441 tyranni,

260 2492 408 2557 iniurioso
426 2515 465 2556 ne
482 2492 563 2577 pede
580 2514 710 2577 proruas

262 2595 395 2650 stantem
413 2586 604 2662 columnam,
624 2607 686 2649 neu
702 2586 838 2671 populus
856 2584 1003 2669 frequens

303 2680 343 2743 ad
361 2703 447 2744 arma
465 2690 638 2757 cessantes,
658 2680 698 2743 ad
716 2702 804 2744 arma

345 2773 490 2849 concitet,
508 2773 735 2858 imperiumque
753 2773 887 2860 frangat.

259 2918 290 2973 te
308 2931 433 2993 semper
450 2908 547 2973 anteit
565 2930 660 2973 saeva
676 2907 867 2985 Necessitas,

259 3003 364 3067 elavos
383 3000 519 3068 trabales
533 3011 569 3067 'et
586 3024 703 3067 cuneos
720 3026 817 3066 manu

300 3104 428 3181 gestans
447 3118 541 3174 aena,
559 3118 619 3160 nec
637 3118 765 3161 severus

343 3211 443 3254 uncus
461 3189 551 3255 abest
567 3190 783 3273 liquidumque
799 3191 973 3277 plumbum.

260 3333 299 3388 te.
310 3322 392 3409 Spes
411 3335 442 3388 et
459 3324 531 3390 albo
548 3349 619 3390 rara
635 3326 733 3391 Fides
751 3328 826 3401 colit

258 3417 361 3482 velata
377 3439 481 3502 panno
486 3442 495 3496 3
514 3440 573 3483 nce
590 3420 736 3484 comitem
754 3419 900 3507 abnegat,

301 3520 469 3594 utcumque
487 3522 608 3576 mutata
624 3522 767 3599 potentes

342 3614 430 3668 veste
448 3605 558 3670 domos
576 3605 703 3671 inimica
718 3608 845 3691 linquis.

257 3748 290 3803 at
306 3737 421 3824 vulgus
438 3740 568 3805 infidum
587 3753 619 3807 et
636 3744 783 3808 meretrix
800 3754 882 3809 retro

256 3834 381 3918 periura
398 3835 495 3913 cedit3
514 3836 685 3923 diffugiunt
703 3839 789 3903 cadis

300 3950 371 3991 eum
389 3929 478 3993 faece
496 3929 620 3995 siccatis
638 3931 741 4009 amici,

341 4023 423 4086 ferre
440 4023 549 4109 iugum
566 4025 683 4110 pariter
699 4026 809 4090 dolosi.

257 4177 362 4221 serves
381 4158 497 4223 iturum
517 4158 687 4225 Caesarem
704 4162 737 4225 in
754 4161 881 4225 ultimos

256 4248 340 4314 orbis
359 4251 543 4331 Britannos,
562 4262 594 4317 et
610 4254 759 4319 iuvenum
776 4276 886 4319 reeens

299 4364 444 4422 examen,
462 4345 542 4411 Eois
560 4347 732 4412 timendum

339 4439 481 4521 partibus
501 4438 692 4525 Oceanoque
709 4443 813 4507 rubro.
