3225 5442
459 723 684 782 SATIRARUM
701 725 775 780 LIB.
790 726 812 781 1.
1084 717 1146 784 135

293 907 370 948 unus
388 892 473 947 amet
489 882 599 965 quevis
618 882 805 968 adspergere
824 895 953 950 cunctos

292 1002 337 1055 m,
356 977 408 1061 qui
422 975 551 1062 praebet
563 997 692 1058 aquam,
710 986 782 1060 post
799 975 883 1041 hunc
900 1000 1025 1062 quoque
1043 990 1146 1065 potus,

291 1095 360 1135 rum
377 1093 474 1135 verax
491 1069 591 1153 operit
607 1070 790 1153 praecordia
806 1069 920 1135 Liber:

291 1164 360 1229 >mis
378 1173 410 1227 et
426 1162 565 1228 urbanus
582 1162 722 1246 liberque
741 1164 873 1240 videtur,

289 1258 365 1342 gris3
384 1279 444 1344 ego
463 1257 490 1322 si
506 1257 576 1332 risi,
595 1257 680 1341 quod
697 1257 822 1341 ineptus

289 1352 415 1416 Rufillus
434 1351 511 1427 olet,
531 1348 711 1436 Gorgonius
729 1351 860 1428 hircum,

302 1445 432 1509 mordax
450 1444 558 1509 videor
574 1443 650 1507 tibi?
666 1444 782 1508 mentio
801 1446 829 1509 si
846 1467 909 1529 qua

287 1539 347 1602 dini
364 1538 455 1603 furtis
473 1537 587 1601 iniecta
604 1536 709 1601 Petilli

290 1632 397 1709 fuerit3
416 1631 567 1695 defendas
584 1640 620 1695 ut
637 1641 710 1694 tuus
729 1640 777 1695 est
794 1654 877 1698 mos:

285 1725 406 1790 itolinus
425 1725 602 1790 convictore
619 1747 697 1789 usus
715 1725 878 1809 amicoque

284 1830 331 1896 et,
351 1841 525 1902 caussaque
542 1842 614 1883 meu
630 1818 784 1903 permulta
800 1830 928 1905 rogatus

285 1914 438 1978 ncolumis
456 1913 555 1978 laetor
571 1913 657 1996 quod
674 1912 752 1976 vivit
768 1913 802 1976 in
820 1913 896 1977 urbe
902 1939 911 1991 3

282 2032 298 2070 n
316 2008 465 2084 admiror,
484 2030 546 2091 quo
563 2016 655 2092 pacto
673 2006 822 2070 iudicium
841 2008 918 2071 illud

284 2101 336 2165 hic
354 2102 462 2186 nigrae
480 2123 593 2165 succus
611 2101 762 2186 loliginis,
781 2100 860 2165 hoec
877 2112 926 2166 est

280 2218 352 2272 rera;
371 2196 455 2278 quod
473 2196 583 2259 titium
601 2196 710 2280 procul
728 2195 815 2259 afore
833 2195 958 2273 chartis,

279 2312 334 2354 ,mo
351 2290 453 2375 prius,
471 2299 507 2353 ut
524 2290 551 2354 si
569 2290 645 2373 quid
662 2289 843 2375 promittere
861 2290 900 2354 de
917 2313 968 2355 me

278 2384 352 2447 iliud
369 2405 456 2460 vere,
475 2384 633 2468 promitto.
652 2382 781 2447 liberius
800 2383 828 2447 si

277 2477 334 2554 lid,
354 2478 380 2541 si
398 2478 478 2542 forte
496 2478 645 2554 iocosius,
663 2477 724 2541 hoo
741 2477 819 2541 mihi
836 2477 912 2542 iuris

276 2595 300 2634 ia
318 2570 417 2635 dabis.
437 2571 573 2635 insuevit
589 2581 678 2655 pater
695 2571 831 2657 optimus
849 2571 909 2636 hoo
926 2594 986 2649 mo,
1093 2582 1097 2591 '
1169 2593 1219 2639 105

275 2688 312 2727 m
331 2664 482 2749 exemplis
500 2665 646 2729 vitiorum
664 2686 807 2748 quaeque
825 2667 969 2730 notando.
1103 2672 1105 2675 ’

274 2781 285 2821 e
302 2759 490 2835 hortaretur,
508 2781 617 2843 parce,
635 2758 811 2845 frugaliter,
830 2768 924 2842 atque

274 2852 320 2916 uti
338 2862 502 2917 contentus
520 2875 572 2929 eo,
591 2853 676 2936 quod
693 2854 736 2916 mi
753 2853 822 2938 ipse
840 2863 995 2938 parasset:

272 2946 349 3009 rides
367 2946 445 3011 Albi
462 2956 498 3010 ut
514 2947 597 3011 male
614 2947 700 3010 vivat
717 2947 816 3024 filius,
834 2959 932 3029 utque

272 3041 349 3125 ops?
366 3064 516 3126 magnum
535 3041 773 3116 documentum,
792 3062 831 3103 ne
851 3040 985 3124 patriam
1002 3062 1068 3103 rem
1167 3063 1217 3109 110

270 3134 336 3218 quis
354 3134 469 3198 velitl“
488 3159 508 3199 n
525 3134 613 3219 turpi.
626 3133 797 3197 meretricis
815 3156 920 3197 amore

269 3238 416 3292 terreret:
437 3225 586 3306 „Scetnni
604 3227 764 3292 dissimilis
784 3227 858 3291 sie.“

268 3344 325 3385 ner
341 3320 502 3398 moechas,
522 3343 673 3386 concessa
690 3343 788 3403 quum
806 3342 920 3383 venere
937 3321 984 3384 uti

279 3415 444 3500 „deprensi
461 3438 525 3479 non
542 3414 625 3479 bolla
643 3425 691 3479 est
708 3414 794 3478 fama
813 3413 982 3491 Treboni,“

266 3510 416 3595 sapiens,
434 3509 534 3573 vitatu
552 3510 689 3593 quidque
708 3509 809 3593 petitu

265 3626 302 3680 ts,
326 3626 455 3668 caussas
473 3604 582 3667 reddet
599 3602 670 3680 tibi;
689 3602 826 3667 minatis
846 3611 906 3680 est,
927 3602 954 3666 si

265 3696 323 3761 ,ab
341 3698 476 3780 antiquis
495 3719 613 3762 morem
632 3719 755 3761 servare
773 3705 931 3779 tuamque,

263 3792 350 3856 rtodis
368 3814 458 3876 eges,
478 3791 574 3855 vitam
591 3790 771 3873 famamque
789 3792 868 3855 tueri

262 3907 304 3949 rm
322 3908 467 3970 possum;
486 3885 579 3949 simul
597 3907 634 3948 ac
653 3884 811 3948 duraverit
829 3893 914 3948 aetas

275 3981 476 4063 animumque
495 3989 597 4056 tuum,
616 3979 706 4044 nabis
726 3980 792 4043 sine
811 3979 955 4042 cortice.“
976 3979 1021 4042 sio
1039 4002 1089 4043 me
1165 3999 1214 4044 120

262 4083 275 4137 t
290 4096 423 4159 puerum
441 4073 547 4151 dictis,
567 4083 598 4137 et
616 4073 682 4137 sive
699 4072 830 4137 iubebat

258 4189 306 4231 em
323 4169 413 4251 quid,
434 4167 551 4247 „habes
569 4179 742 4242 auctorem,
761 4187 824 4248 quo
841 4164 940 4229 facias
958 4164 1057 4242 hoc;“

257 4262 445 4326 riudicibus
464 4261 587 4327 selectis
605 4259 786 4338 obiiciebat3

256 4354 343 4433 ebat,
364 4380 424 4436 „an
441 4356 501 4420 hoc
519 4356 718 4421 inhonestum
736 4362 767 4418 et
783 4348 892 4417 inutile
909 4352 994 4417 factu

255 4448 290 4527 it,
310 4449 489 4528 addubites,
508 4450 618 4536 flagret
635 4471 758 4515 rumore
776 4448 859 4512 mulo
877 4470 974 4531 quum
1167 4467 1213 4515 125
