3225 5442
463 732 669 790 CARMINUM
682 733 756 787 ΜΒ,
772 735 820 789 Ν.

251 891 299 955 llio
316 890 365 955 bis
383 890 472 973 pueri
490 891 540 954 die

277 1005 393 1047 numen
411 1005 484 1047 eum
502 983 616 1047 teneris
634 982 810 1068 virginibus
829 993 917 1047 tuum

250 1079 398 1142 audantes
416 1077 496 1161 pede
515 1069 648 1141 candido

277 1173 310 1235 in
327 1193 447 1235 morem
465 1168 586 1235 Salium
606 1181 653 1235 ter
669 1171 809 1255 quatient
827 1168 967 1235 humum.
1031 1214 1036 1223 -

249 1330 285 1372 ne
303 1329 361 1371 nee
378 1306 496 1371 femina
513 1328 572 1370 nee
588 1328 667 1391 puer

277 1401 341 1466 iam
357 1422 416 1464 nee
433 1422 507 1485 spes
525 1399 622 1463 animi
639 1400 766 1464 credula
782 1402 893 1479 mutui,

248 1516 294 1558 ree
312 1503 429 1557 certare
446 1492 535 1557 iuvat
551 1515 648 1570 mero,

277 1610 336 1651 nee
352 1587 468 1651 vineire
486 1588 576 1652 novis
595 1598 736 1673 tempora
752 1587 890 1653 floribus.

247 1724 292 1787 ved
310 1745 378 1800 eur,
397 1722 473 1787 heul
492 1724 661 1809 Ligurine,
681 1745 736 1788 eur

277 1828 383 1881 manat
400 1841 470 1881 rara
488 1840 574 1881 meas
592 1817 721 1882 leerima
737 1839 793 1902 per
810 1819 928 1904 genus?

246 1932 290 1974 rur
307 1911 443 1975 facunda
460 1933 571 1995 parum
589 1911 703 1976 decoro

276 2006 357 2069 inter
374 2004 469 2069 verba
487 2005 570 2069 eadit
587 2004 695 2090 lingue
713 2004 855 2069 silentio?

246 2141 391 2205 roeturnis
411 2164 471 2227 ego
490 2142 618 2206 somniis

277 2234 339 2297 iam
358 2244 484 2319 captum
502 2243 607 2311 tene0,
625 2234 688 2297 iam
707 2233 865 2297 volucrem
884 2255 998 2317 sequor

245 2350 266 2392 e
283 2350 339 2411 per
355 2329 497 2413 gramina
514 2328 622 2393 Martii

278 2423 393 2507 campi,
413 2434 443 2487 te
460 2446 517 2508 per
534 2445 646 2506 equas,
666 2423 756 2499 dure,
775 2422 941 2488 volubiles.

503 2650 702 2711 CARMEN
723 2651 771 2709 Π.

430 2793 483 2841 nn
503 2793 623 2843 1unu1u
640 2793 852 2843 Arvernum.

298 2916 469 2980 Pindarum
487 2918 631 3001 quisquis
650 2917 755 2982 studet
772 2919 932 2995 aemulari,

297 3011 380 3088 Iule,
399 3012 511 3076 ceratis
530 3033 589 3095 ope
607 3011 770 3075 Daedalea

297 3104 405 3167 nititur
421 3105 547 3189 pennis,
566 3106 665 3169 vitreo
683 3106 813 3170 daturus

362 3199 490 3262 nomina
507 3209 611 3283 ponto.

297 3344 401 3397 monte
420 3335 588 3399 decurrens
607 3336 691 3400 velut
709 3336 825 3413 amnis,
845 3334 960 3399 imbres

298 3449 391 3510 quem
410 3451 504 3513 super
521 3441 616 3500 netas¹
629 3430 734 3494 eluere
751 3430 846 3514 ripas,

298 3523 411 3599 fervet,
431 3524 665 3608 immensusque
682 3527 745 3590 ruit
762 3526 918 3610 proiimdo

361 3616 518 3681 Pindarus
538 3640 600 3695 ore,

297 3751 403 3815 laurea
420 3754 584 3818 donandus
602 3753 788 3840 Apollinari,

298 3867 354 3908 seu
370 3867 428 3929 per
444 3848 579 3912 audaces
598 3872 680 3914 nova
697 3850 912 3934 dithyrambos

297 3938 393 4003 verba
410 3940 547 4004 devolvit
564 3943 763 4026 numerisque
782 3944 882 4006 fertur

360 4032 431 4117 lege
449 4034 574 4112 solutis3

298 4190 354 4232 seu
371 4169 447 4233 deos
465 4192 596 4256 regesve
615 4172 711 4248 canit,
730 4173 860 4235 deorum
883 4213 884 4218 κ

298 4263 497 4347 sanguinem,
515 4285 572 4347 per
589 4286 669 4346 quos
688 4264 828 4329 cecidere
845 4264 928 4328 iusta

296 4366 396 4420 morte
415 4356 579 4434 Centauri,
599 4358 711 4422 eeeidit
728 4360 907 4422 tremendae

267 4463 270 4468 '
361 4450 487 4515 flamma
506 4450 705 4529 Chimaeram

942 4559 983 4619 6*
