3225 5442
534 731 757 789 SATIRARUM
774 732 849 787 LlB.
862 733 900 788 11.
1167 726 1228 791 163

201 892 327 959 tractari
345 914 407 955 non
425 890 501 954 vult.
524 890 556 953 in
575 911 679 953 amore
697 889 775 954 haec
794 892 975 969 summula,
994 891 1120 971 bellum,

199 1011 265 1075 pax
282 1010 415 1051 rursum.
438 985 516 1049 haec
535 985 562 1049 si
579 985 649 1067 quis
668 986 861 1069 tempestatis
878 1008 976 1071 prope
993 988 1055 1051 ritu

199 1082 329 1147 mobilia
347 1090 378 1145 et
396 1102 489 1145 caeca
506 1079 659 1142 fluitantia
677 1090 759 1143 sorte
777 1078 897 1144 laboret

181 1178 331 1243 -reddere
349 1185 434 1240 certa
451 1174 525 1251 sibi3
547 1174 644 1238 nihilo
662 1173 733 1258 plus
752 1174 886 1261 explicet
904 1197 941 1240 ae
959 1176 986 1241 si

198 1271 338 1335 insanire
355 1279 443 1355 paret
461 1278 546 1333 certa
561 1268 681 1332 ratione
699 1269 865 1351 modoque.

199 1365 296 1449 quid?
318 1386 415 1447 quum
432 1362 559 1426 Picenis
577 1384 747 1445 excerpens
767 1363 886 1426 semina
903 1364 1005 1448 pomis

199 1459 332 1545 gaudes,
352 1458 379 1522 si
397 1479 552 1522 cameram
570 1455 707 1540 percusti
724 1456 814 1532 sorte,
833 1478 930 1541 pones
949 1468 979 1521 te
998 1459 1051 1523 cs?

199 1552 297 1636 quid?
318 1574 415 1634 quum
434 1549 526 1615 baiba
544 1549 620 1612 seris
639 1571 758 1613 annoso
777 1549 874 1614 verba
891 1551 1005 1635 palato,

199 1645 384 1711 aedificante
403 1667 492 1708 casas
511 1643 565 1726 qui
583 1642 707 1707 sanior?
729 1644 810 1706 adde
828 1667 969 1708 cruorem
1247 1670 1296 1717 275

181 1749 184 1754 '
200 1737 351 1802 stultitiae
370 1748 463 1820 atque
481 1737 587 1822 ignem
605 1736 710 1821 gladio
729 1747 881 1801 scrutare:
904 1738 1007 1816 modo,
1026 1740 1164 1823 inquam,

200 1831 338 1896 Hellade
355 1853 506 1916 percussa
523 1829 645 1894 Marius
664 1852 762 1912 quum
779 1831 963 1915 praecipitat
980 1856 1023 1910 se,
1062 1854 1066 1862 ·

202 1925 334 1990 cenitus
352 1924 430 1988 fuit?
451 1947 491 1987 an
510 1932 683 1988 commotae
701 1923 829 1988 crimine
847 1926 961 1989 mentis

201 2018 347 2083 absolves
366 2017 533 2093 hominem,
553 2026 584 2082 et
602 2016 729 2082 sceleris
748 2016 912 2082 damnabis
931 2020 1074 2096 eundem,

201 2134 243 2177 cx
260 2134 346 2176 more
363 2112 527 2195 imponens
546 2119 681 2195 cognata
697 2109 852 2174 vocabula
869 2110 983 2175 rebus?

200 2205 364 2270 libertinus
382 2214 456 2281 crat,
476 2204 529 2287 qui
548 2204 665 2267 circum
684 2204 821 2287 compita
838 2205 939 2268 siccus

202 2300 297 2363 lautis
315 2320 406 2361 mane
425 2320 522 2362 senex
539 2297 685 2361 manibus
704 2297 847 2361 currebat
865 2308 904 2375 et,
924 2321 1020 2362 unum

201 2392 331 2474 —quid
351 2402 414 2456 tam
433 2391 602 2478 magnu'm?
624 2392 902 2455 addens—unum
920 2416 970 2456 me
989 2393 1106 2478 surpite
1124 2395 1226 2472 morti,

200 2485 250 2549 dis
268 2484 382 2549 etenim
400 2485 492 2549 facile
511 2495 568 2561 est,
588 2484 711 2562 orabat3
735 2505 830 2548 sanus
849 2485 989 2568 utrisque

202 2577 330 2641 auribus
349 2587 443 2660 atque
461 2579 569 2642 oculis.
593 2587 739 2653 mentem,
759 2578 819 2642 nisi
837 2578 1002 2664 litigiosus,
1247 2601 1297 2652 285

201 2671 359 2755 exciperet
377 2671 531 2750 dominus,
550 2694 647 2755 quum
666 2673 824 2736 venderet.
847 2673 906 2751 hoc
924 2695 1049 2757 quoque
1067 2675 1181 2762 vulgus

202 2763 402 2849 Chrysippus
419 2766 507 2849 ponit
524 2766 660 2830 fecunda
677 2765 708 2828 in
727 2775 821 2851 gente
839 2765 978 2831 Meneni.

198 2858 351 2943 luppiter,
370 2859 513 2945 ingentes
532 2860 586 2942 qui
603 2860 660 2923 das
679 2860 854 2943 adimisque
872 2860 1005 2938 dolores,

201 2962 303 3016 mater
320 2952 363 3016 ait
380 2953 470 3038 pueri
487 2976 610 3017 menses
628 2953 691 3017 iam
709 2954 848 3037 quinque
866 2954 1019 3031 cubantis,

199 3046 318 3131 frigida
336 3045 363 3110 si
380 3067 511 3130 puerum
529 3056 680 3129 quartana
697 3048 866 3129 reliquerit,
885 3048 938 3111 illo

201 3161 294 3202 manc
312 3139 372 3216 (lie,
392 3161 455 3222 quo
473 3148 506 3202 tu
523 3140 634 3205 indicis
652 3141 776 3217 ieiunia,
796 3142 900 3205 nudus

197 3233 232 3296 in
250 3230 357 3295 Tiberi
376 3232 479 3296 stabit
502 3255 595 3298 casus
612 3235 793 3299 medicusve
811 3234 922 3299 levarit

198 3347 329 3411 aegrum
348 3349 388 3390 ex
404 3326 576 3411 praecipiti,
595 3340 694 3393 mater
712 3328 809 3393 delira
827 3329 952 3393 necabit

198 3420 232 3498 in
249 3419 354 3504 gelida
371 3418 469 3482 fixum
487 3420 556 3505 ripa
573 3421 747 3505 febrimque
765 3424 903 3486 reducet.

199 3536 305 3596 quone
323 3513 406 3578 malo
424 3524 560 3579 mentem
579 3517 750 3582 concussa?
772 3517 883 3581 timore
901 3517 1039 3583 deorum.
1128 3555 1130 3560 ·
1247 3536 1297 3585 295

197 3607 277 3670 haec
296 3608 372 3671 mihi
392 3606 569 3686 Stertinius,
589 3610 764 3695 sapientum
783 3621 924 3688 octavus,
943 3611 1044 3675 amice

197 3725 286 3765 arma
304 3702 398 3779 dedit,
418 3703 551 3787 posthac
568 3726 609 3769 ne
627 3704 830 3790 compellarer
847 3705 975 3770 inultus.

198 3794 313 3858 dixerit
329 3796 476 3860 insanum
494 3797 549 3881 qui
565 3820 627 3875 me,
646 3799 775 3862 totidem
793 3799 900 3863 audiet
917 3808 1011 3883 atque

197 3890 354 3973 respicere
372 3891 481 3977 ignoto
499 3892 601 3958 discet
618 3893 786 3978 pendentia
804 3904 902 3980 terge.
922 3934 964 3942 -

198 3982 316 4063 Stoice,
334 3996 407 4071 post
424 3987 574 4061 damnum
593 3988 638 4053 sie
655 3989 773 4053 vendas
792 3990 898 4054 omnia
913 3989 1022 4074 pluris,
1247 4008 1296 4056 300

196 4099 293 4161 quam
312 4101 361 4144 me
380 4081 553 4158 stultitiam,
572 4082 719 4165 quoniam
736 4107 801 4148 non
820 4092 867 4148 est
884 4105 985 4168 genus
1004 4105 1111 4159 unum,

195 4172 334 4237 insanire
351 4175 464 4258 putas?
475 4198 545 4261 ego
564 4200 638 4241 nam
655 4178 763 4242 videor
780 4177 857 4240 mihi
876 4200 981 4241 sanus.
997 4216 1039 4224 —

196 4265 292 4349 quid?
314 4277 408 4352 caput
426 4268 602 4335 abscissum
621 4271 764 4337 manibus
783 4294 880 4354 quum
898 4280 1002 4355 portat
1018 4269 1133 4356 Agaue

195 4359 285 4443 gnati
302 4359 446 4438 infelicia,
466 4362 527 4428 sibi
545 4375 611 4428 tum
630 4364 748 4430 furiosa
767 4365 907 4429 videtur?
925 4403 967 4411 -

197 4452 328 4517 stultum
346 4478 396 4520 me
415 4456 525 4537 fateor,
544 4459 637 4524 liccat
654 4459 824 4525 concedere
842 4458 935 4524 veris.
994 4542 1011 4577 ἦ

945 4553 980 4607 11
