3225 5442
600 733 628 783 Ω.
647 733 767 774 uenam
785 731 888 772 FLACCl
1226 726 1298 771 Llll

205 845 308 911 genter
317 846 361 894 est
370 845 490 911 tempus,
497 857 552 911 quo
564 840 676 921 singula
686 846 849 912 car-'atque
862 842 977 911 proprio
990 842 1079 896 ulitur
1091 841 1212 911 prologo
1227 839 1299 922 pori·

205 909 284 962 mina
291 909 337 961 vel
347 909 465 979 eelogae
476 926 601 963 seorsum
615 928 644 963 ιιι
654 911 745 963 lucem
764 917 807 963 ter
816 916 901 979 atque
911 910 1035 979 epilogo.
1050 910 1093 962 Ex
1103 926 1160 980 quo
1170 912 1299 978 protecto

205 976 373 1045 prodierunt
399 983 448 1030 aut
475 994 537 1030 cum
561 978 658 1031 amieis
681 977 962 1048 suntJverisimillime
995 978 1151 1047 colligitur,
1186 983 1300 1046 poetam

206 1045 421 1113 communicata,
436 1045 473 1099 ab
484 1062 518 1098 eo
528 1051 668 1115 tempore,
688 1062 744 1115 quo
754 1053 755 1062 ¹
762 1046 882 1125 primum
892 1046 947 1098 duo
958 1046 1046 1100 libros
1055 1046 1163 1113 priores
1174 1062 1301 1098 seorsum

205 1113 306 1166 eadem
316 1112 344 1165 in
354 1130 439 1166 unum
453 1130 555 1183 eorpus
570 1115 691 1167 collecta
705 1120 744 1166 at·
763 1132 792 1166 111
802 1114 893 1167 lucem
904 1114 1036 1167 edidisse.
1061 1114 1156 1184 Atque
1167 1113 1222 1166 hoe
1233 1129 1300 1166 sane

206 1198 263 1250 que
274 1182 406 1250 evulgata
416 1186 489 1234 sunt.
504 1181 746 1251 Quippedubitari
764 1187 844 1235 tanto
877 1182 1056 1235 verisimilius
1087 1182 1128 1236 ita
1159 1181 1300 1247 statuitur,

205 1250 598 1318 certenullomodopotest,
616 1250 745 1319 primitus
764 1250 899 1319 quoniam
925 1250 1025 1303 tertius
1053 1250 1126 1303 liber
1151 1254 1209 1302 tam
1232 1248 1300 1301 artis

204 1321 322 1385 poetam
345 1317 458 1386 singula
480 1317 604 1372 earmina
626 1317 746 1395 singulis
764 1317 874 1371 ratione
919 1335 983 1371 uam
1006 1323 1236 1388 argumentorum
1255 1317 1301 1369 de·

206 1384 468 1463 opportunitatibus
483 1385 588 1439 oblatis
598 1386 745 1455 scripsisse
765 1385 842 1439 lectu
860 1403 878 1439 a
895 1335 1006 1439 duobus
1024 1386 1165 1455 prioribus
1184 1384 1301 1437 multum

206 1458 370 1531 senptaque
382 1470 444 1505 cum
457 1453 554 1506 amicis
568 1459 653 1524 atque
667 1454 746 1507 fami·
766 1452 878 1507 differre
896 1454 1016 1507 iudicari
1031 1455 1125 1508 debet.
1153 1453 1213 1505 lam
1231 1468 1299 1505 vero

206 1520 747 1591 lianbuscommunicavisse,usquedum
766 1538 840 1591 quae
865 1522 922 1574 illis
945 1522 1219 1591 comprehenduntur
1242 1535 1301 1573 ear·

207 1604 243 1641 ea
252 1604 309 1640 uno
321 1604 440 1656 corpore
451 1588 601 1643 coniuncta
610 1590 639 1643 in
646 1590 747 1659 vulgus
765 1590 850 1657 mina,
861 1606 956 1644 eorum
967 1597 1044 1643 certe
1054 1591 1162 1642 nullum
1172 1588 1302 1657 estquod

209 1656 410 1710 emitterentur.
442 1656 594 1720 Quaeritur
602 1663 697 1711 tamen
712 1659 747 1711 de
787 1659 1302 1727 ostannumi30.scriptumessepro·

210 1724 747 1796 editionisistiusratione,quaeressune
766 1676 909 1779 iabilibus
919 1730 1091 1795 argumentis
1101 1724 1192 1779 evinci
1202 1731 1303 1794 queat,

213 1792 312 1845 nultas
339 1792 427 1846 habet
456 1794 657 1848 dubitationes,
691 1794 748 1847 Alii
766 1794 822 1847 imo
837 1794 1024 1848 demonstrari
1038 1794 1122 1847 etiam
1137 1792 1205 1846 satis
1224 1799 1301 1845 certo
1350 1829 1355 1842 .

214 1860 283 1913 enim
296 1867 412 1929 poetam
430 1862 478 1927 bis,
497 1862 544 1915 alii
559 1872 598 1915 ter
610 1862 749 1916 eiusmodi
766 1867 874 1941 potest,
891 1862 985 1915 omnia
999 1870 1065 1915 ante
1080 1861 1232 1915 a.730.ve1
1247 1861 1302 1913 hoc

216 1928 406 1982 :ellectionem
429 1929 585 1984 instituisse
608 1930 747 1984 arbitrari·
766 1946 914 1998 rpsoanno
926 1947 986 1983 eom
1010 1931 1167 1997 ositaesse,
1186 1929 1215 1982 id
1225 1929 1302 1998 quod

220 2013 262 2048 ur.
300 1996 411 2066 Quippe
423 1997 538 2051 fuerunt
546 1998 680 2067 primum,
700 1999 748 2069 qui
767 2015 857 2067 nuper
875 2016 892 2052 u
909 1948 1048 2066 Fraudio,
1072 1998 1211 2063 Webero,
1239 1996 1303 2050 aliis

219 2082 273 2116 sum
278 2071 411 2133 putarent
420 2066 457 2119 ab
467 2066 547 2119 initio
557 2067 629 2119 duos
639 2071 747 2119 tantum
768 2067 807 2119 ita
820 2066 926 2120 factum
941 2082 1003 2119 esse
1018 2082 1177 2132 censemus,
1192 2070 1224 2117 ut
1237 2082 1303 2117 con·

221 2132 319 2185 >riores
341 2132 431 2186 libros
455 2150 580 2187 seorsum
603 2134 633 2188 in
656 2135 748 2188 lucem
767 2134 911 2187 troversiis
927 2134 1012 2187 etiam
1027 2134 1062 2186 de
1074 2133 1163 2186 Carni.
1174 2134 1196 2185 l.
1210 2133 1251 2184 20.
1265 2133 1303 2185 11.

226 2200 350 2268 misisse,
369 2207 427 2253 tum
441 2202 537 2271 aliquo
547 2202 696 2256 intervallo
708 2204 748 2255 in·
768 2202 907 2255 13.11.17.
920 2202 971 2255 Ill.
981 2203 1006 2255 8.
1020 2201 1134 2255 remotis
1144 2200 1214 2253 nihil
1225 2200 1303 2253 dubi-

224 2268 330 2322 erieeto
344 2269 489 2323 addidisse
505 2270 606 2323 librum
620 2272 748 2340 tertium,
768 2270 884 2323 tationis
894 2271 1022 2323 relictum
1033 2270 1076 2323 sit.
1092 2268 1186 2323 Unum
1195 2273 1304 2321 tantum

229 2336 334 2407 enique
348 2337 494 2406 aliquanto
508 2338 645 2408 postillis
664 2339 748 2393 etiam
767 2344 865 2404 restat,
873 2337 1184 2409 quodhuiesententiae
1192 2336 1303 2390 officere

231 2414 344 2458 uartum
374 2406 521 2460 adiecisse.
565 2405 624 2459 Alii
650 2412 749 2461 contra
768 2407 909 2474 videatur,
933 2404 1023 2459 Carm.
1037 2407 1059 2459 1.
1077 2405 1116 2473 3.‚
1135 2404 1256 2474 Virgilio
1274 2405 1304 2457 in

228 2491 238 2525 ι
262 2489 298 2527 ea
319 2473 436 2527 fuerunt
458 2475 611 2543 sententia,
638 2482 669 2528 ut
690 2482 748 2529 tres
769 2473 1217 2543 Graccinmprofecturomissum.
1232 2472 1304 2525 Eum

231 2542 301 2594 bros
314 2541 422 2610 priores
435 2559 492 2596 uno
507 2544 662 2613 eodemque
681 2549 748 2598 tem-
768 2560 834 2596 vcro
854 2549 966 2596 constat
980 2560 1005 2596 a.
1019 2542 1077 2596 735.
1091 2541 1220 2595 Athenas
1239 2557 1304 2609 pro-

231 2625 280 2662 ore
290 2610 406 2663 iunctim
416 2610 507 2663 editos
518 2627 581 2665 esse
591 2620 747 2680 censerent,
767 2610 872 2665 fectum
892 2617 921 2664 et
938 2627 1002 2663 mor
1040 2617 1200 2663 raematura
1215 2615 1304 2661 morte
1367 2673 1369 2677 y

233 2677 316 2731 nibus
331 2677 453 2747 denique
467 2684 535 2747 post
548 2679 661 2749 longius
679 2686 747 2734 tem·
768 2680 916 2749 abreptum
931 2695 1002 2732 esse,
1043 2679 1071 2731 'x
1085 2694 1141 2797 (pro
1156 2670 1308 2747 colligunt,

235 2746 312 2798 nriss
334 2746 420 2799 atium
430 2748 747 2818 accesseritliberquar-
767 2748 892 2816 priorum
914 2747 1050 2799 librorum
1071 2762 1087 2799 e
1111 2745 1224 2799 itionem
1247 2762 1304 2800 non

236 2818 282 2865 isl
339 2830 422 2883 equa
433 2815 635 2868 sententiarum
646 2816 748 2869 discre—
767 2816 894 2884 potuisse
915 2822 1000 2868 antea
1017 2806 1125 2886 perlici.
1160 2812 1200 2865 At
1218 2814 1303 2866 enim·

238 2880 595 2953 untiasinostrumrequiris
604 2884 747 2952 iudicium,
767 2900 834 2936 vero
874 2882 952 2936 uidni
965 2882 1102 2952 Virgilius
1120 2882 1175 2934 iam
1194 2888 1260 2934 ante
1279 2898 1304 2934 a.

242 2967 270 3000 m
297 2951 396 3017 paucis
419 2950 609 3006 declaravisse
632 2951 748 3005 iuvabit.
768 2951 826 3004 735.
841 2900 994 3021 diiquando
1008 2950 1038 3003 id
1052 2949 1163 3003 consilii
1180 2950 1306 3018 agitave-

240 3017 353 3070 identur
379 3018 452 3072 enim
478 3019 562 3072 nobis
584 3020 748 3089 neutiquam
768 3018 991 3087 rit,utAthsnas
1000 3017 1152 3072 inviseret?
1171 3017 1305 3071 Nimirum

242 3101 316 3138 mere
327 3086 469 3155 statuisse,
481 3087 529 3156 qni
539 3088 575 3141 ab
585 3088 665 3141 initio
677 3088 748 3140 dnos
768 3094 813 3141 est
834 3088 890 3139 hoe
917 3104 985 3140 sane
1013 3092 1094 3139 tanto
1117 3085 1305 3151 verisimilius,

244 3160 321 3206 ntum
341 3154 430 3208 libros
452 3159 561 3225 priores
580 3156 749 3210 coniunctim
769 3156 963 3225 quodpoetam
971 3154 1306 3209 Graecarumlitterarum

247 3221 362 3291 ulgatos
381 3239 444 3276 esse
463 3230 642 3277 censuerunt
676 3224 749 3278 Nam
769 3222 989 3276 amantissimum
1011 3223 1076 3291 plus
1101 3221 1187 3275 semel
1214 3220 1307 3289 potuit

247 3289 331 3342 imum
383 3290 477 3345 uidem
506 3292 580 3345 liber
608 3294 749 3345 secundus
769 3292 834 3344 talis
861 3290 970 3344 itineris
1003 3289 1174 3359 suscipiendi
1203 3304 1305 3357 capere

249 3357 357 3427 ilogum
395 3358 474 3428 abet,
499 3376 555 3429 quo
575 3366 663 3429 poeta
680 3366 749 3413 tam·
770 3358 953 3427 desiderium,
973 3359 1105 3427 quodque
1116 3357 1265 3425 Horatius,
1283 3356 1307 3409 si

253 3442 298 3479 am
320 3426 448 3495 perfeeto
473 3443 558 3496 opere
580 3427 750 3481 vaticinatur
768 3428 856 3480 fatale
875 3426 945 3479 illud
963 3426 1016 3479 iter
1039 3426 1201 3494 cecinisset,
1230 3432 1306 3478 certe

253 3493 336 3546 minis
351 3494 394 3547 sui
408 3495 654 3550 immortalitatem.
689 3496 749 3549 Pri·
770 3513 834 3549 mox
847 3494 931 3549 etiam
950 3494 1057 3547 obitum
1075 3493 1158 3547 amici
1177 3494 1306 3562 deplora-

254 3579 274 3614 is
292 3568 386 3615 autem
404 3562 476 3617 liber
493 3564 583 3618 habet
595 3564 749 3618 dedicatio·
769 3572 849 3617 turus
863 3569 932 3616 erut.
966 3562 1068 3634 ltaque
1083 3580 1135 3615 nos
1151 3562 1264 3632 quidem
1278 3561 1307 3613 in

255 3647 279 3681 m
296 3630 410 3684 collecti
428 3632 522 3701 operis
536 3632 697 3686 Maecenati
710 3632 750 3684 in·
770 3650 804 3686 ea
822 3649 917 3685 sumus
933 3631 1085 3699 sententia,
1105 3636 1148 3698 ut,
1169 3647 1252 3699 quum
1267 3629 1307 3682 in-

257 3698 356 3767 iptam.
391 3698 564 3763 Quinetiam
580 3701 680 3754 tertius
699 3716 750 3752 suo
771 3706 849 3754 certa
863 3699 899 3751 sit
912 3699 995 3752 huius
1014 3698 1144 3751 carminis
1164 3697 1306 3750 scribendi

258 3788 380 3798 -
771 3766 1307 3837 opportunitas,Horatiicarminaduo-

259 3820 636 3921 ‘'gffiflc’ffiffiifk‘ffgflmgssgjlfij
641 3825 663 3913 g]
671 3823 750 3920 51ῚῖῙοῖ
770 3838 825 3891 bus
844 3835 924 3888 libris
942 3834 1083 3903 prioribus
1104 3834 1307 3903 comprehensa

262 3932 285 3960 n.
294 3922 313 3961 1.
323 3924 355 3961 ao.
365 3934 385 3963 a
396 3925 441 3963 711,
451 3924 531 3973 scripu
539 3935 599 3971 esse,
614 3936 668 3974 quae
678 3926 751 3973 opinio
771 3924 795 3959 a.
811 3905 869 3958 730.
888 3904 934 3956 vel
949 3903 1006 3956 731.
1027 3920 1153 3956 seersum
1173 3903 1307 3970 evulgata

263 3983 276 4010 n
294 3974 324 4012 sn
339 3974 457 4022 instabilis,
476 3976 512 4013 vel
530 3985 559 4013 ex
577 3977 750 4024 cointelligitur,
770 3990 834 4027 egge
845 3971 1047 4039 existimemus,
1067 3972 1171 4089 quippe
1187 3970 1231 4021 eui
1247 3985 1307 4020 ὅρη.

263 4024 751 4126 ζῐῗὲῗαᾚῐζζῗᾞξθῑξῇξᾞὴᾚζ
770 4041 877 4095 tentiae
891 4045 920 4093 et
933 4039 1063 4107 epilogus
1089 4039 1143 4091 ibri
1154 4035 1269 4089 secundi
1279 4040 1308 4088 et

265 4137 284 4165 ι.
298 4127 317 4166 1.
327 4129 347 4166 ι.
357 4128 390 4167 ιι.
400 4130 433 4167 sa.
443 4129 476 4168 aa.
494 4128 523 4168 11.
533 4131 566 4169 ιε.
584 4130 622 4167 111.
634 4131 665 4167 ιι.
676 4132 708 4167 ιι.
718 4130 750 4167 ιι.
770 4109 859 4162 maior
881 4107 946 4160 libri
968 4106 1043 4159 tertii
1061 4104 1203 4225 perfectio
1222 4102 1307 4155 fidem

266 4179 296 4217 18.
314 4178 404 4218 indicari
422 4183 517 4228 oportet,
541 4180 707 4227 qnaeWeberus
720 4180 752 4217 ad
770 4177 883 4230 saciati
910 4175 970 4228 lam
984 4190 1051 4227 vero

273 4231 318 4269 m.
327 4230 441 4270 referenda
449 4234 530 4278 censet,
545 4232 639 4279 itemque
648 4231 674 4268 de
680 4229 751 4269 cerm.

269 4282 302 4320 14.
312 4282 345 4320 15.
355 4282 388 4320 31.
405 4282 477 4322 11.1a.
495 4282 535 4321 111.
547 4283 587 4329 29„
602 4291 657 4330 quac
670 4281 697 4319 ab
714 4281 751 4319 illo
796 4284 806 4320 l
822 4280 932 4320 Convenit
941 4281 995 4318 ratio
1005 4281 1078 4317 nostra
1088 4277 1244 4325 quodammodo
1258 4288 1306 4316 euin

269 4334 418 4373 animatia.
770 4334 853 4371 ratione
867 4332 950 4370 Ricard.
965 4330 1071 4375 Bentleii,
1091 4330 1127 4375 qul
1142 4330 1189 4367 libri
1204 4329 1267 4377 primi
1286 4333 1308 4367 ct
1335 4336 1339 4342 ·

269 4384 298 4422 )e
311 4384 388 4423 barum
402 4385 559 4424 sententiarum
576 4384 699 4422 auctoribus
716 4384 752 4421 vel
771 4384 860 4422 secundi
874 4384 968 4421 carmina
986 4383 1041 4419 intre
1061 4390 1080 4418 a
1096 4382 1214 4419 iao-730.
1229 4380 1307 4428 scripta

270 4435 361 4474 rsorlbns
383 4446 406 4474 v.
424 4435 539 4475 Klrchuer.
559 4435 648 4485 Quaest.
666 4436 751 4473 Horati.
771 4445 819 4472 esse
837 4435 932 4479 censuit,
956 4437 980 4471 ut
998 4432 1061 4469 facile
1079 4435 1191 4479 apparent,
1219 4442 1267 4469 cnm
1286 4435 1307 4469 ct

270 4497 311 4536 κῃ.
329 4487 378 4527 lani
389 4487 484 4526 Prasiai.
493 4487 521 4526 ad
529 4488 582 4527 Hor.
594 4485 665 4527 carm.
674 4486 724 4526 Vol.
734 4486 752 4523 1.
771 4486 842 4533 ipsum
851 4485 934 4523 nullum
944 4494 1029 4522 esrmen
1039 4484 1129 4522 istorum
1142 4484 1244 4523 librorum
1259 4486 1307 4531 posi

271 4538 321 4578 1111.
770 4546 791 4575 a.
801 4538 847 4576 730.
857 4537 959 4585 seriptum
969 4540 1063 4585 putasse.

1082 4190 1132 4225 aec
1143 4172 1167 4223 si
1175 4170 1307 4240 probabi-
