3225 5442
308 719 370 785 168
640 724 1015 791 Q.HORAT11rLAccr

256 914 289 962 ss
307 890 415 975 cripiet
433 886 535 971 quivis
553 885 659 951 oculos
679 883 769 948 citius
786 882 880 961 mihi,
899 906 1003 968 quam
1022 894 1054 950 te

307 994 498 1050 contemtum
519 1004 610 1045 cassa
627 1000 707 1043 nuce
724 988 890 1063 pauperet:
909 979 994 1044 haec
1013 1003 1088 1045 mea
1106 1004 1180 1046 cura
1196 993 1245 1059 est,

306 1101 345 1143 ne
363 1078 438 1162 quid
457 1087 491 1140 tu
507 1074 634 1160 perdas,
652 1095 715 1137 neu
732 1072 775 1137 sis
793 1072 892 1136 iocus.
911 1074 959 1137 ire
980 1074 1117 1140 domum
1135 1087 1223 1161 atque

306 1171 483 1258 pelliculam
501 1190 608 1232 curare
626 1165 698 1231 iube
704 1191 713 1245 ;
731 1166 753 1229 fi
771 1166 916 1251 cognitor
933 1168 1025 1252 ipse3

307 1276 413 1351 persta
429 1274 522 1346 atque
540 1260 673 1337 obdura,
693 1282 749 1324 scu
765 1261 859 1322 rubra
881 1260 1038 1326 Canicula
1046 1264 1152 1350 findet

257 1382 290 1429 40
307 1361 440 1445 {spirata
457 1369 586 1429 statuar,
606 1377 663 1419 seu
675 1357 788 1439 pinqui
805 1366 904 1418 tentae
922 1378 1034 1421 omaso

307 1454 422 1519 Furius
440 1453 580 1516 lribemaa
598 1473 676 1514 cana
693 1445 760 1513 aive
777 1461 919 1534 conspuet
936 1453 1051 1536 Alpes.

308 1569 411 1612 nonne
428 1546 531 1621 vides,
550 1544 662 1627 aliquis
681 1543 785 1607 cubito
803 1552 939 1607 stantem
956 1567 1063 1631 prope
1081 1544 1216 1634 tangens

308 1641 439 1724 inquiet,
458 1648 493 1702 ut
509 1638 645 1723 patiens,
664 1647 699 1700 ut
716 1636 824 1700 amicis
842 1646 949 1721 aptus,
970 1648 1010 1702 ut
1028 1642 1125 1705 acer?

308 1735 413 1821 plures
432 1731 592 1798 adnabunt
609 1731 733 1806 thunni,
752 1740 783 1794 ct
800 1730 915 1795 cetaria
933 1744 1094 1799 crescent

258 1849 290 1896 45
309 1829 336 1893 si
354 1828 405 1892 cui
422 1838 582 1912 practerea
598 1824 720 1890 validus
738 1824 819 1887 male
836 1823 919 1889 filius
937 1824 971 1888 in
989 1850 1028 1891 re

308 1923 467 2008 praeclara
485 1920 626 1985 sublatus
645 1919 757 1997 aletur;
775 1941 815 1982 ne
832 1919 1041 1986 manifestum
1128 1983 1134 1995 ,

308 2015 435 2080 caelibis
454 2014 639 2097 obsequium
656 2013 752 2077 nudet
769 2022 814 2089 te,
832 2012 943 2077 leniter
958 2014 994 2078 in
1013 2038 1109 2101 spem

308 2110 422 2194 adrepe
441 2108 615 2183 officiosus,
634 2115 669 2170 ut
686 2117 718 2170 et
735 2105 870 2171 scribare
888 2109 1053 2174 secundus

308 2203 413 2279 hersa,
432 2212 476 2278 ct,
496 2201 610 2284 siquis
629 2222 720 2264 casus
737 2222 869 2285 puerum
887 2201 986 2285 egerit
1006 2200 1111 2281 Oro0,

257 2317 291 2363 5ο
308 2298 342 2360 in
358 2318 493 2360 vacuum
511 2295 633 2358 venias:
651 2316 776 2379 perraro
793 2293 871 2358 haec
889 2294 958 2359 alea
975 2295 1072 2361 fallit.

308 2390 363 2472 qui
380 2400 605 2480 testamentum
617 2388 717 2452 tradet
735 2388 791 2453 tibi
809 2410 940 2471 cumque
958 2389 1148 2475 legendum,

308 2482 444 2547 abnuere
463 2492 494 2546 ct
512 2481 634 2546 tabulas
653 2506 672 2545 a
689 2492 720 2545 te
736 2503 896 2546 removere
912 2495 1088 2561 memento,

308 2577 353 2640 sic
372 2586 489 2653 tamen,
508 2586 542 2640 ut
558 2570 642 2640 limis
659 2575 777 2660 rapias,
796 2575 872 2658 quid
888 2576 990 2661 prima
1008 2581 1156 2644 secundo

307 2694 380 2735 cera
397 2669 471 2733 velit
488 2692 595 2747 versu3
614 2669 699 2734 solus
717 2669 863 2734 multisne
881 2669 1020 2746 coheres,
1098 2685 1113 2735 ·.

256 2787 288 2834 55
307 2763 407 2828 veloci
425 2786 570 2847 percurre
588 2763 688 2828 oculo.
707 2763 890 2848 plerumque
907 2774 1054 2829 recoctus

308 2857 411 2922 scriba
428 2880 467 2921 ex
485 2857 689 2939 quinqueviro
707 2880 835 2921 corvum
853 2857 979 2921 deludet
996 2857 1153 2938 hiantem,

307 2962 509 3036 captatorque
527 2951 614 3014 dabit
630 2952 712 3016 risus
729 2952 845 3017 Nasica
864 2951 998 3017 Corano.
1018 2992 1062 3000 —

304 3068 382 3131 num
401 3044 479 3108 furis
498 3068 538 3108 au
555 3046 692 3129 prudens
709 3045 792 3110 ludis
809 3068 860 3109 me
879 3045 1013 3111 obscura
1030 3051 1197 3115 canendo?
1214 3089 1255 3097 --

307 3161 325 3202 0
343 3138 526 3215 Laertiade,
545 3139 697 3221 quidquid
715 3140 830 3217 dicam,
850 3151 904 3203 aut
921 3140 978 3203 erit
995 3150 1051 3204 aut
1070 3166 1151 3208 non:

255 3251 288 3298 (50
307 3232 446 3295 divinare
464 3231 578 3294 etenim
596 3255 730 3317 magnus
749 3233 826 3296 mihi
843 3234 938 3297 donat
955 3232 1085 3319 Apollo.
1107 3276 1151 3284 —-

306 3326 382 3408 quid
400 3326 582 3401 tamenista
600 3326 675 3389 velit
693 3325 753 3390 sibi
770 3326 891 3404 fabula,
911 3328 938 3391 si
956 3328 1042 3406 licet,
1062 3332 1134 3395 ede.
1154 3372 1197 3380 —

306 3429 457 3503 tempore,
476 3442 539 3501 quo
557 3419 678 3484 iuvenis
696 3419 822 3485 Parthis
840 3421 1027 3497 horrendus,
1047 3422 1088 3487 ab
1109 3424 1174 3489 alto

305 3512 476 3575 demissum
495 3536 595 3597 genus
613 3512 737 3591 Aenea,
757 3514 866 3578 tellure
883 3515 1024 3598 marique

305 3628 439 3690 magnus
458 3607 528 3683 erit,
548 3607 620 3671 forti
636 3607 734 3672 nubet
749 3630 880 3693 procera
899 3607 1023 3673 Corano

254 3718 286 3764 65
304 3697 368 3761 filia
384 3698 533 3776 Nasicae,
552 3701 718 3765 metuentis
736 3702 867 3766 reddere
885 3702 1017 3767 soldum.

303 3803 371 3854 tum
388 3815 485 3877 gener
501 3793 561 3856 hoc
579 3794 686 3859 faciet:
705 3795 828 3860 tabulas
848 3819 955 3861 socero
974 3796 1061 3861 dabit
1079 3809 1177 3883 atquc

303 3895 338 3948 ut
355 3884 439 3970 legat
457 3887 567 3950 orabit.
586 3888 719 3952 multum
736 3888 853 3953 Nasica
871 3900 1001 3976 negatas

303 3978 434 4062 accipiet
453 3980 592 4056 tandem,
612 3991 643 4044 et
661 3982 774 4045 tacitus
792 3983 890 4069 leget,
909 3984 1109 4068 invenietque

301 4072 344 4134 nil
364 4072 425 4135 sibi
441 4072 580 4158 legatum
598 4086 720 4159 praeter
737 4076 860 4162 plorare
878 4078 1016 4161 suisque.

252 4184 284 4230 20
301 4165 377 4228 illud
396 4167 530 4230 adhaec
548 4168 654 4232 iubeo:
673 4171 784 4235 mulier
801 4171 829 4236 si
846 4171 926 4236 forte
944 4172 1052 4237 dolosa

192 4263 199 4276 ‘
300 4260 469 4324 libertusve
489 4284 594 4325 senem
614 4263 745 4329 delirum
763 4275 927 4350 temperet,
946 4266 1007 4330 illis

301 4354 432 4417 accedas
446 4352 569 4433 ¹socius3
588 4355 711 4434 laudes',
730 4358 866 4424 lauderis
885 4370 920 4423 ut
937 4360 1061 4425 absens.

300 4444 427 4508 adiuvat
444 4446 504 4510 hoc
522 4470 660 4532 quoquc,
680 4453 736 4515 sed
754 4454 851 4518 vincit
866 4454 974 4540 longe,
993 4454 1079 4539 prius
1098 4455 1205 4541 ipsum
