3225 5442
540 708 574 773 Q.
589 707 752 764 ΗΟΒΔΤΠ
764 705 907 762 FLAccr

336 865 444 929 dicunt
461 866 494 929 in
511 875 617 929 tenero
634 864 775 950 gramine
792 864 959 949 pinguium

337 959 483 1024 custodes
501 960 609 1024 ovium
625 958 765 1023 carmina
781 958 897 1036 fistula,

336 1052 553 1135 delectantque
570 1053 679 1129 deum,
698 1052 749 1116 cui
766 1074 864 1137 pecus
882 1063 914 1117 et
931 1054 1015 1139 nigri

399 1146 494 1210 colles
512 1145 669 1211 Arcadiae
685 1146 819 1232 placent

335 1283 492 1347 adduxere
510 1282 594 1347 sitim
611 1291 766 1367 tempora,
784 1280 914 1368 Virgili3

336 1376 393 1440 sed
409 1397 553 1461 pressum
572 1374 703 1440 Calibus
717 1375 836 1439 'ducere
853 1374 1009 1440 Liberum

261 1550 266 1559 Ι
336 1469 363 1533 si
380 1469 493 1555 gestis,
511 1468 661 1533 iuvenum
678 1467 830 1533 nobilium
848 1468 955 1546 cliens,

397 1562 496 1625 nardo
514 1561 587 1625 vina
603 1560 772 1626 merebere.

335 1698 424 1761 nardi
441 1720 558 1782 parvus
575 1720 661 1781 onyx
678 1696 780 1762 eliciet
796 1698 920 1775 cadum,

335 1791 388 1874 qui
406 1813 489 1857 nunc
508 1789 656 1876 Sulpiciis
674 1789 808 1855 accubat
823 1790 954 1869 horreis,

337 1907 411 1971 spes
429 1885 545 1949 donare
562 1907 661 1949 novas
678 1884 786 1970 largus
804 1907 972 1969 amaraque

399 2000 543 2042 curarum
561 1978 665 2042 eluere
682 1977 805 2042 efficax.

335 2116 375 2179 ad
393 2137 473 2198 quae
492 2114 520 2178 si
535 2130 685 2199 properas
702 2114 833 2200 gaudia,
852 2136 924 2179 cum
943 2124 997 2179 tua

333 2209 427 2273 velox
443 2230 547 2273 merce
564 2208 651 2287 veni3
669 2230 734 2273 non
751 2229 811 2295 ego
829 2217 859 2272 te
877 2210 956 2274 meis

333 2302 504 2366 immunem
523 2302 656 2367 meditor
673 2302 816 2387 tinguere
832 2302 965 2387 poculis,
1015 2383 1018 2388 Δ

396 2395 489 2479 plena
507 2395 595 2460 dives
613 2395 698 2459 utin
715 2396 818 2460 domo.
892 2422 898 2433 ·

333 2552 442 2595 verum
457 2529 541 2616 'pone
560 2554 663 2597 moras
682 2540 713 2595 et
731 2531 870 2596 studium
886 2530 976 2607 lucri,

333 2624 556 2710 nigrorumque
573 2647 706 2702 memor,
725 2625 801 2689 dum
818 2624 904 2701 licet,
923 2623 1045 2710 ignium

334 2719 431 2783 misce
449 2719 613 2783 stultitiam
630 2719 768 2784 consiliis
787 2718 929 2784 brevem:

246 2855 251 2863 -
372 2881 374 2885 ,
398 2812 488 2876 dulce
506 2822 555 2876 est
571 2813 713 2898 desipere
730 2814 764 2877 in
780 2813 859 2878 loco.

559 3032 758 3099 OARMEN
779 3039 876 3097 XIII.

491 3182 534 3230 ΙΝ
556 3183 699 3232 ercan
725 3182 949 3233 varunna.

332 3307 507 3384 Audivere,
525 3307 630 3392 Lyce,
646 3308 681 3371 di
698 3330 769 3372 mea
785 3316 874 3385 vota,
893 3307 925 3371 di
990 3355 996 3365 .

333 3402 494 3478 audivere,
512 3400 616 3486 Lyce:
634 3401 673 3465 fis
691 3424 784 3478 anus,
804 3411 835 3465 et
853 3410 959 3465 tamen

375 3496 423 3560 vis
442 3495 581 3560 formosa
597 3495 705 3572 videri,

417 3588 562 3672 ludisque
580 3598 611 3653 et
628 3589 709 3653 bibis
727 3589 903 3673 impudens,

332 3733 363 3788 et
381 3734 475 3789 cantu
492 3724 624 3790 tremulo
641 3734 717 3809 pota
735 3723 924 3810 Cupidinem

332 3818 451 3881 lentum
470 3818 627 3883 sollicitas.
644 3818 699 3882 ille
716 3818 845 3883 virentis
864 3818 903 3881 et'

374 3912 484 3977 doctae
501 3912 634 3997 psallere
653 3912 754 3977 Chiae

369 4014 371 4018 '
416 4005 554 4092 pulchris
573 4006 708 4096 encubat
724 4006 758 4069 in
773 4006 874 4093 genis.

319 4142 528 4228 importunus
546 4143 629 4207 enim
647 4142 819 4208 transvolat
837 4141 950 4206 aridas

331 4258 480 4319 quercus,
498 4248 530 4303 et
546 4237 663 4322 refugit
680 4246 725 4314 te,
744 4236 819 4320 quia
835 4235 928 4300 luridi

374 4330 488 4412 dentes¹
501 4338 548 4412 te,⁸
565 4330 639 4412 quia
654 4353 752 4416 rugae

384 4433 543 4508 -turpant
561 4433 596 4488 et·
609 4425 720 4509 capitis
738 4424 837 4488 nives.
