3225 5442
603 707 636 771 Q.
651 705 816 761 HORATII
829 705 968 762 FLACCI

611 987 808 1047 OARMEN
828 988 953 1048 XXIV.

516 1132 568 1180 An
587 1131 619 1179 r.
639 1128 838 1181 vrsomruu
855 1111 1053 1181 munorum.
1112 1163 1114 1170 .

419 1255 500 1338 Quis
519 1255 673 1319 desiderio
692 1255 732 1320 sit
748 1253 851 1340 pudor
867 1264 923 1319 aut
939 1255 1053 1321 modus

417 1359 482 1413 tam
500 1350 563 1413 cari
581 1348 710 1433 capitis?
725 1347 871 1433 praecipe
889 1348 1040 1435 lugubres

418 1452 542 1520 cantus,
561 1442 776 1527 Melpomene,
795 1442 847 1506 cui
863 1442 1014 1526 liquidam
1032 1454 1121 1530 pater

482 1558 590 1600 vocem
608 1557 681 1599 cum
698 1535 817 1600 cithara
833 1536 927 1600 dedit

417 1694 492 1758 ergo
511 1671 716 1754 Quinctilium
733 1681 902 1756 perpetuus
921 1694 1015 1757 sopor

416 1766 527 1853 urget?
544 1767 594 1830 cui
611 1765 719 1830 Pudor
736 1775 768 1829 et
784 1765 927 1831 Iustitiae
945 1789 1042 1843 soror,

418 1860 596 1944 incorrupta
612 1859 708 1923 Fides
727 1859 872 1943 nudaque
889 1859 1015 1924 Veritas

482 1953 607 2036 quando
625 1953 724 2016 ullum
740 1953 900 2017 invenient
916 1954 1044 2038 parem?

417 2090 523 2155 multis
540 2090 593 2153 ille
611 2088 701 2154 bonis
718 2088 831 2153 flebilis
850 2089 979 2167 occidit3

416 2184 494 2247 nulli
510 2183 655 2260 flebilior,
674 2205 770 2265 quam
787 2180 857 2258 tibi,
875 2181 999 2269 Virgili.

416 2288 451 2342 tu
468 2277 584 2342 frustra
601 2277 687 2361 pius,
706 2276 783 2353 heu,
801 2276 926 2340 nonita
944 2277 1097 2341 creditum

479 2371 584 2456 poscis
604 2368 810 2451 Quinctilium
828 2369 913 2434 deos.

416 2507 505 2590 quid,
525 2507 552 2571 si
570 2505 715 2570 Threicio
733 2505 879 2570 blandius
898 2504 1029 2591 Orpheo

416 2601 555 2665 auditam
572 2600 732 2664 moderere
750 2598 914 2665 arboribus
931 2600 1042 2677 fidem;

416 2717 493 2757 num
510 2716 609 2757 vanae
627 2693 734 2757 redeat
751 2694 880 2779 sanguis
898 2693 1038 2780 imagini,

482 2810 577 2870 quam
594 2787 684 2872 virga
702 2787 799 2852 semel
816 2787 952 2865 horrida,

415 2946 479 2987 non
496 2923 575 2987 lenis
592 2922 737 3008 precibus
755 2923 822 2987 fata
838 2924 1008 3001 recludere,

416 3019 506 3103 nigro
524 3018 708 3102 compulerit
724 3018 902 3082 Mercurius
921 3019 1030 3104 gregi?

417 3113 544 3175 durum:
564 3113 620 3175 sed
636 3112 737 3176 levius
755 3112 791 3175 fit
808 3112 967 3198 patientia,

480 3206 632 3289 quidquid
649 3206 803 3292 corrigere
822 3216 870 3271 est
886 3206 986 3271 nefas.

618 3466 817 3526 CARMEN
838 3468 945 3527 XXV.

588 3609 614 3657 A
637 3610 662 3657 n
707 3612 729 3658 n
753 3611 777 3658 r
799 3611 824 3658 n
848 3610 862 3659 1
884 3610 910 3659 A
933 3611 977 3659 M.

436 3733 568 3798 Parcius
586 3734 707 3799 iunctas
726 3734 870 3817 quatiunt
887 3734 1041 3798 fenestras

436 3827 568 3892 iactibus
587 3827 704 3895 crebris
722 3828 851 3892 iuvenes
869 3828 1015 3913 protervi,

435 3942 494 3985 nec
512 3921 568 3985 tibi
587 3943 713 3986 somnos
733 3922 887 3999 adimunt,
906 3931 1051 4004 amatque

500 4014 595 4079 ianua
611 4015 716 4092 limen,

436 4173 517 4233 quae
534 4152 620 4236 prius
639 4152 772 4216 multum
789 4150 890 4216 facilis
909 4150 1056 4215 movebat

436 4245 577 4309 cardines
583 4270 593 4323 ;
611 4246 701 4310 audis
719 4246 823 4309 minus
842 4255 873 4309 et
889 4246 992 4309 minus
1011 4245 1087 4308 ism:

438 4360 507 4414 „me
525 4347 579 4402 tuo
596 4339 707 4425 longas
725 4348 875 4423 pereunte
893 4348 1010 4414 noctes,

499 4431 618 4514 Lydia,
638 4432 797 4496 dormis?“
