3225 5442
635 674 668 738 o.
683 670 847 727 nostru
861 669 1001 729 rancor
1039 658 1043 664 ’

452 853 510 895 nec
528 830 690 894 Martiales
708 829 880 893 haedulcae
898 831 1006 915 lupos3

451 935 621 1008 utcumque
639 924 737 1001 dulci,
757 923 913 1009 Tyndari,
931 925 1036 991 fistula

493 1019 591 1083 valles
610 1027 641 1081 et
658 1017 789 1081 Usticae
804 1018 951 1091 ‚cubantis

537 1113 618 1177 levia
634 1134 824 1196 personuere
843 1136 929 1176 saxa.

453 1250 485 1314 di
502 1271 553 1313 me
570 1259 709 1325 tuentur,
730 1249 778 1312 dis
796 1249 897 1332 pietas
916 1272 987 1313 mea

452 1352 483 1407 ct
500 1365 592 1407 musa
609 1341 695 1405 cordi
713 1353 774 1418 est;
793 1341 867 1405 hinc
885 1342 941 1407 tibi
959 1345 1049 1428 copia-

495 1436 634 1501 manabit
651 1436 692 1499 ad
708 1435 837 1520 plenum
855 1435 991 1523 benigno

537 1530 618 1595 ruris
635 1530 790 1595 honorum
808 1531 956 1615 oprdenta
974 1554 1078 1596 cornu.

452 1668 503 1731 hie
520 1668 554 1730 in
570 1667 700 1731 reducta
717 1666 798 1730 valle
819 1665 990 1732 Caniculae

452 1761 566 1826 vitabis
584 1770 705 1837 aestus,
724 1770 756 1825 et
772 1760 835 1824 fide
854 1761 933 1825 Teia

495 1856 581 1919 dices
598 1853 776 1918 laborantes
795 1853 829 1917 iu
846 1877 910 1918 uno

539 1947 720 2032 Penelopen
738 1947 932 2031 vitreamque
952 1948 1075 2013 Cimon.

452 2085 503 2148 hic
520 2082 694 2148 innocentis
712 2083 827 2168 pocula
843 2084 956 2148 Lesbii

453 2180 549 2243 duces
569 2178 628 2242 sub
647 2177 772 2254 umbra,
791 2199 850 2241 nec
870 2176 1045 2243 Semeleius

495 2295 567 2336 cum
584 2271 689 2335 Marte
707 2271 877 2335 confundet
895 2271 1067 2356 Thyoneus

537 2365 668 2451 proelia,
687 2388 745 2429 noc
762 2373 883 2429 metues
901 2377 1080 2450 protervum

454 2511 600 2586 suspecta
619 2500 753 2585 Cyrum,
772 2523 813 2564 ne
831 2500 912 2565 male
930 2502 1046 2587 dispari

452 2596 678 2660 incontinentes
697 2594 815 2657 inliciat
833 2618 955 2673 manus,

496 2698 527 2753 et
545 2689 666 2753 scindat
683 2689 863 2753 haerentem
882 2711 1028 2753 coronam

540 2782 677 2848 crinibus
695 2782 943 2865 immeritamque
962 2792 1092 2848 vestem.

646 3008 844 3069 CARMEN
865 3010 990 3069 XVIII.

553 3151 605 3199 An
624 3151 657 3200 P.
677 3151 926 3211 ourucmnuuu
945 3152 1086 3204 vARUM.

303 3278 443 3354 Nullam,
463 3275 561 3354 Varo,
581 3298 672 3341 sacra
689 3277 752 3344 vite
769 3278 857 3362 prius
877 3277 993 3342 severis
1013 3276 1156 3342 arborem
1233 3302 1237 3308 ·

304 3372 386 3435 circa
402 3371 477 3435 mite
495 3370 597 3435 solum
615 3370 742 3436 Tiburis
762 3381 793 3436 et
810 3372 934 3436 moenia
950 3362 1061 3449 Catili3

247 3535 253 3544 ,
304 3465 394 3529 siccis
414 3466 518 3528 omnia
534 3488 608 3528 nam
625 3466 703 3529 dura
720 3466 798 3530 deus
816 3466 993 3551 proposuit,
1012 3488 1113 3549 neque

303 3560 465 3623 mordaces
484 3558 572 3622 aliter
590 3559 761 3645 diffugiunt
778 3560 1013 3624 sollicitudines.

271 3718 286 3763 5
304 3695 374 3777 quis
392 3703 465 3780 post
481 3695 555 3759 vina
572 3717 702 3779 gravem
719 3696 862 3760 militiam
880 3705 934 3760 aut
951 3691 1133 3781 pauperiem
1153 3696 1277 3779 crepat?

304 3789 373 3872 quis
392 3812 455 3854 non
472 3798 503 3852 te
520 3789 639 3874 potius,
657 3790 784 3856 Bacche
800 3799 903 3875 pater,
923 3800 1029 3873 teque,
1048 3790 1163 3853 decens
1181 3789 1311 3853 Venus?

280 3960 284 3971 Ι
304 3903 341 3946 ac
358 3905 398 3946 ne
416 3882 486 3965 quis
503 3883 618 3947 modici
637 3884 790 3948 transiliat
806 3881 938 3948 munera
954 3884 1074 3961 Liberi,

306 3974 483 4039 Centaurea
500 3986 605 4041 monet
623 3999 694 4040 cum
712 3977 859 4061 Lapithis
877 3978 947 4041 rixa
965 4000 1059 4062 super
1075 4000 1160 4040 mero

304 4110 472 4189 debellata,
491 4122 599 4177 monet
616 4111 770 4179 Sithoniis
788 4138 852 4178 non
869 4114 948 4178 levis
965 4112 1078 4190 Evius,

256 4221 287 4269 10
305 4225 401 4287 quum
419 4204 468 4270 fas
487 4214 580 4292 atque
598 4207 687 4271 nefas
706 4208 822 4293 exiguo
839 4207 901 4271 fine
918 4207 1083 4272 libidinum

305 4297 484 4363 discernunt
501 4300 593 4363 avidi.
612 4323 676 4365 non
693 4323 753 4386 ego
770 4312 816 4377 te,
835 4301 967 4365 candide
983 4300 1151 4376 Bassareu,

305 4388 435 4454 invitum
453 4393 605 4474 quatiam,
623 4416 682 4458 nec
699 4394 794 4459 variis
813 4394 915 4459 obsita
932 4393 1095 4460 frondibus
