3225 5442
439 720 644 779 CARMINUM
662 722 737 777 LIB.
751 723 803 778 ΠΙ.

257 878 475 944 incontinentia
493 900 551 943 nec
570 878 656 963 Tityi
673 879 759 945 iecur

257 972 403 1055 relinquit
420 972 500 1049 ales,
519 972 675 1055 nequitiae
693 973 818 1037 additus

301 1076 423 1144 custos3
442 1076 612 1132 amatorem
630 1077 787 1133 trecentae

341 1160 518 1225 Pirithoum
536 1161 682 1226 cohibent
700 1170 837 1225 catenae.

491 1385 689 1447 GARMEN
710 1388 752 1447 V.

312 1531 348 1579 ru
368 1529 528 1581 nsunnm
547 1530 731 1581 caessara
751 1530 927 1582 suanam.

280 1654 376 1720 Caelo
395 1664 554 1721 tonantem
572 1655 759 1719 credidimus
777 1655 886 1719 Iovem

278 1771 407 1835 regnare
413 1774 423 1827 ;
440 1771 589 1834 praesens
607 1749 699 1813 dirus
718 1748 884 1813 habebitur

320 1842 488 1929 Augustus
507 1842 636 1908 adiectis
654 1842 814 1906 Britannis

361 1936 493 2021 imperio
510 1937 723 2023 gravibusque
741 1936 859 2001 Persis.

277 2072 406 2137 milesne
425 2072 534 2138 Crassi
552 2074 685 2159 coniuge
703 2072 837 2138 barbara

278 2166 376 2251 turpis
395 2167 525 2232 maritus
543 2167 635 2244 vixit,
654 2177 685 2231 et
702 2166 839 2230 hostium
859 2205 899 2212 —

320 2284 376 2346 pro
395 2261 482 2325 curia
498 2262 676 2344 inversique
694 2260 813 2325 mores!
832 2300 873 2307 —

362 2354 524 2420 consenuit
542 2377 721 2420 socerorum
739 2355 771 2418 in
789 2354 872 2419 arvis

279 2489 338 2555 sub
356 2513 431 2578 rege
448 2490 546 2557 Medo
564 2491 693 2557 Marsus
712 2501 744 2556 et
759 2490 897 2577 Apulus,

278 2585 459 2650 anciliorum
478 2596 509 2651 et
526 2586 661 2651 nominis
681 2595 712 2650 et
729 2595 822 2672 togae

319 2678 434 2745 oblitus
453 2688 659 2763 aeternaeque
677 2679 805 2756 Vestae,

361 2772 510 2836 incolumi
527 2772 605 2837 Iove
623 2782 652 2837 et
671 2772 748 2837 urbe
765 2772 887 2837 Roma?

277 2909 338 2973 hoe
356 2920 481 2975 caverat
499 2932 588 2975 mens
607 2910 738 2995 prouida
755 2910 871 2996 Reguli

279 3003 493 3069 dissentientis
512 3004 741 3069 conditionibus

318 3096 420 3162 foedis
439 3107 470 3162 et
487 3098 632 3183 exemplo
651 3098 785 3162 trahenti

361 3191 530 3277 perniciem
548 3192 677 3257 veniens
695 3193 729 3255 in
746 3214 869 3269 aevum,

277 3328 304 3393 si
321 3351 385 3394 non
401 3328 516 3413 periret
533 3329 596 3393 iam
613 3329 800 3394 miserabilis

278 3422 402 3506 captiva
418 3420 530 3507 pubes.
551 3422 662 3509 „signa
679 3444 739 3509 ego
756 3422 887 3487 Punicis

321 3515 425 3579 adfixa
442 3515 595 3594 delubris,
615 3525 646 3581 et
663 3540 750 3581 arma

362 3608 512 3674 militibus
532 3610 599 3674 sine
617 3611 748 3687 caede,“
768 3609 856 3686 dixit,

279 3746 419 3831 „direpta
436 3746 515 3825 vidi;
535 3746 598 3810 vidi
616 3768 675 3833 ego
694 3747 810 3811 civium

278 3848 393 3904 retorta
411 3849 499 3926 tergo
517 3840 645 3906 brachia
662 3841 770 3917 libero,

319 3943 488 4018 portasque
506 3956 569 3998 non
587 3935 706 4012 clusas,
726 3944 757 3998 et
774 3958 850 3999 arva

363 4026 469 4093 Marte
487 4028 547 4093 coli
564 4029 713 4113 populata
730 4038 847 4093 nostro.

278 4186 353 4228 auro
370 4186 522 4249 repensus
541 4164 658 4230 scilicet
676 4164 776 4229 acrior

278 4257 368 4322 miles
387 4257 514 4323 redibitl
533 4258 652 4345 flagitio
670 4257 784 4322 additis

321 4352 484 4415 damnum:
503 4374 604 4436 neque
623 4352 756 4417 amissos
775 4350 895 4415 colores

362 4445 435 4510 lana
451 4446 546 4511 refert
563 4446 717 4511 medicata
734 4445 818 4523 fuco,
