3225 5442
347 705 394 751 Lx
732 706 771 746 DE
790 705 858 747 vm
875 705 913 746 ET
931 702 1057 746 scnn’rls

345 838 419 888 mus,
448 817 532 873 etiam
551 816 687 872 orationis
710 817 835 870 colorem
852 815 881 868 in
900 815 951 868 Est
960 814 1035 869 enim
1047 817 1210 887 proprium
1227 819 1405 890 epistolamm
1412 819 1437 872 la·-

347 887 475 958 epistolis
494 892 580 955 atque
600 885 693 939 satiris
714 889 881 963 regnantem
899 883 1048 937 miliarium
1065 902 1134 939 cum
1148 888 1262 941 amicis
1277 889 1358 959 loqui
1374 888 1437 942 01010

347 958 386 1010 110
396 973 459 1010 csse
469 954 618 1021 diversum,
634 959 667 1006 ut
679 952 880 1006 101110011οΙ1-
900 958 930 1005 et
941 951 1115 1008 humaniter.
1154 955 1361 1019 Quamobrem
1375 965 1437 1026 poeta

347 1031 452 1096 quanto
462 1023 562 1090 lenior,
576 1021 767 1101 temperatior,
786 1020 880 1073 mode·
901 1019 1098 1076 sollertissime
1108 1021 1153 1076 ita
1163 1023 1347 1095 instituit,ut
1355 1041 1436 1078 omnen

346 1094 441 1160 ratior,
460 1090 554 1161 prouti
569 1090 715 1143 consilium
732 1088 806 1155 tulit,
825 1104 880 1157 quo
901 1087 1057 1143 orationem
1067 1107 1132 1143 non
1146 1092 1244 1146 modo
1256 1094 1296 1147 ad
1310 1092 1436 1148 00101110

345 1167 482 1231 utraeque
492 1158 593 1211 litteris
608 1164 674 1210 sunt
688 1156 881 1235 consignatae
900 1156 1016 1224 minum,
1036 1157 1149 1279 puibus
1169 1160 1312 1231 scripsit,
1338 1160 1435 1232 ingenia

346 1227 432 1282 Cuius
447 1225 619 1280 diversitatis
638 1242 753 1279 caussas
772 1232 880 1278 etiamsi
900 1231 1030 1279 moreset
1056 1231 1201 1281 ortanam
1217 1235 1314 1283 attem
1334 1228 1436 1294 ereverit

344 1314 402 1350 non
421 1303 526 1349 temere
546 1294 725 1347 statuerimus
746 1292 776 1345 in
794 1297 882 1345 matu·
901 1309 994 1347 verum
1004 1293 1091 1347 etiam
1101 1311 1158 1363 per
1168 1296 1276 1350 omnia
1284 1315 1321 1351 ur
1340 1296 1436 1360 enitatis,

346 1366 420 1418 riore
448 1367 550 1432 poetae
577 1368 672 1416 aetate
704 1360 880 1431 quaerendas
899 1360 1024 1415 lenitatis
1033 1366 1125 1430 atque
1137 1362 1339 1419 iucunditatis
1350 1366 1436 1420 lauden

345 1449 417 1500 csse,
428 1431 508 1484 cuius
518 1447 620 1484 caussa
630 1447 693 1484 sese
705 1429 767 1498 ipse
780 1427 880 1482 11101111-
901 1435 1025 1484 sectatus
1040 1429 1085 1482 sit
1124 1430 1282 1487 Nimirum
1300 1434 1354 1487 hoc
1370 1434 1436 1503 ipsun

345 1501 407 1552 dem
426 1498 466 1551 ait
482 1498 537 1551 iam
555 1515 630 1551 nunc
648 1498 763 1551 ludicris
781 1496 882 1565 positis
901 1496 1019 1550 oonsilio
1029 1497 1072 1550 illi
1082 1500 1244 1570 monendi,
1256 1501 1396 1570 hortandi,
1404 1501 1436 1553 do

344 1567 417 1620 illud
430 1566 526 1635 potius
541 1583 647 1634 curare,
666 1572 699 1618 01
708 1565 776 1637 quid
785 1581 881 1618 verum
901 1565 992 1632 cendi,
1008 1582 1064 1635 quo
1075 1565 1233 1634 epistolae
1249 1571 1375 1641 scriptae
1383 1573 1437 1634 sunt,

345 1635 381 1688 sit
409 1641 495 1704 atque
523 1634 627 1687 decens
660 1634 753 1687 discat
779 1639 809 1686 et
836 1648 881 1686 co·
901 1633 1015 1703 egregie
1025 1634 1187 1691 convenire
1199 1644 1316 1707 sponte
1329 1637 1438 1707 intelligi·

386 1710 466 1756 oscat
475 1702 510 1773 (E
533 1701 881 1767 101,Ι.1,4-6.8.99.Ι.14,
900 1709 952 1755 101.
987 1701 1031 1754 En
1049 1701 1156 1773 igitur,
1186 1706 1315 1760 tertium
1329 1706 1438 1776 quidum

344 1773 377 1824 ‘6
392 1788 453 1841 sqq.
469 1771 502 1823 10
534 1788 595 1840 sqq.
610 1770 660 1823 129
675 1787 736 1840 sqq.
754 1771 776 1822 Ι.
791 1770 834 1838 18,
848 1770 882 1823 96
901 1771 954 1823 iam
964 1769 1135 1838 invenimus,
1149 1788 1212 1842 quo
1224 1791 1243 1829 e
1268 1775 1438 1830 1010100010-

344 1856 406 1909 sqq.
426 1837 764 1907 0011.11.2,‘210sqq.)3
787 1846 881 1891 tamen
901 1837 1025 1891 tionibus
1048 1838 1209 1893 satirarum
1235 1792 1371 1898 diversae
1393 1857 1439 1897 esse

344 1908 457 1961 easdem
475 1906 539 1959 illas
558 1922 616 1959 non
629 1906 736 1959 minore
751 1906 881 1974 profecto
901 1907 976 1959 haud
986 1905 1072 1960 dubie
1081 1906 1272 1965 iudicandae
1285 1918 1360 1966 sunt

343 1973 880 2043 101010000001100000010110011111100,
925 1974 971 2027 Ad
980 1973 1130 2028 haecvero
1142 1979 1302 2033 accedunt
1311 1977 1440 2035 etiamalia
1475 2013 1476 2024 1

344 2044 421 2123 quod
434 2049 519 2111 pocta
533 2042 647 2096 mutatis
665 2048 821 2110 temporum
838 2058 881 2095 ra·
900 2048 1081 2112 utrarumque
1096 2042 1278 2102 discrimina
1297 2048 1374 2102 haud
1389 2061 1440 2100 sane

343 2112 468 2165 tionibus
488 2110 573 2165 ctiam
591 2110 685 2163 studia
703 2127 754 2163 sua
772 2116 801 2163 ct
816 2109 881 2162 scri·
901 2110 1003 2180 exigua
1017 2117 1103 2209 atque
1118 2112 1384 2171 animadversione
1395 2114 1439 2184 dig·

344 2179 430 2233 bendi
445 2179 563 2233 consilia
576 2179 712 2232 mutanda
725 2194 788 2231 esse
808 2178 880 2231 arbi·
900 2179 1023 2232 nissima.
1034 2179 1107 2232 bam
1117 2196 1212 2249 quum
1224 2184 1373 2254 epistolae
1382 2199 1439 2238 ama·

343 2254 434 2301 tratus
453 2253 503 2301 est.
530 2247 594 2300 Hac
612 2247 686 2300 enim
700 2263 801 2299 caussa
818 2262 881 2314 per·
900 2247 950 2300 bili
966 2247 1104 2316 sapientia
1116 2250 1236 2327 pariter
1251 2258 1346 2324 atque
1364 2252 1439 2321 singu-

343 2322 436 2369 motus
463 2315 595 2384 deposita
616 2315 772 2384 aliquando
795 2314 881 2368 animi
900 2314 1440 2390 larihumanitatisurbanitateinsignes

344 2383 498 2437 acerbitate
525 2391 554 2436 ct
582 2383 768 2452 aegrimonia,
797 2400 880 2453 quam
901 2384 964 2451 sint,
974 2390 1033 2435 tum
1042 2383 1109 2436 huic
1119 2383 1256 2453 ipsarum
1266 2388 1440 2458 indoliatque

343 2458 500 2528 temporum
515 2452 690 2518 superiorum
703 2452 880 2521 iniquitasac
900 2452 995 2504 virtuti
1021 2452 1105 2505 etiam
1132 2454 1221 2507 color
1245 2456 1388 2511 orationis
1409 2462 1440 2508 at·

344 2517 457 2570 tristitia
468 2519 617 2585 attulisset,
634 2519 729 2572 stilum
743 2520 880 2573 acriorem
900 2537 953 2589 que
963 2537 1032 2572 usus
1041 2536 1230 2575 numerorum
1245 2528 1439 2594 attemperatut

343 2585 510 2654 temperavit
545 2587 582 2639 ad
613 2588 747 2641 maiorem
779 2588 879 2641 lenita·
900 2593 974 2641 est.1
1005 2588 1077 2643 Nam
1092 2605 1180 2657 quum
1196 2589 1229 2643 in
1244 2591 1284 2644 iis
1304 2590 1439 2648 severioris

344 2662 409 2721 tem,
428 2654 517 2707 itaut
535 2672 597 2707 cum
615 2656 792 2725 aequalibus,
821 2655 879 2725 qui·
900 2656 1055 2725 sapientiae
1065 2655 1196 2726 gravitas
1206 2668 1329 2730 regnet,
1349 2667 1440 2715 tumne

344 2724 398 2776 bus
425 2727 510 2776 antea
536 2724 750 2791 perversitatem
772 2741 880 2777 morum
900 2724 1439 2803 11011000100100101000011000101110-

288 2844 293 2855 ,
344 2808 378 2845 00
397 2790 552 2843 studiorum
580 2792 821 2861 exprobravisset,
849 2798 881 2844 01
899 2794 957 2847 1010
977 2792 1114 2862 dignitate
1133 2799 1225 2863 atque
1246 2799 1401 2867 gravitate,
1416 2799 1440 2847 01

345 2859 431 2913 comis
441 2865 470 2913 et
479 2860 617 2913 humanus
632 2877 740 2913 morum
755 2861 879 2930 artisque
898 2861 1031 2930 petulans
1040 2861 1090 2914 illa
1100 2860 1244 2917 dicacitas
1257 2870 1289 2917 et
1298 2864 1439 2919 lasciviens

343 2928 478 2997 magister
487 2946 572 3008 agere
586 2929 731 2997 inciperet.
767 2929 882 2998 Regnat
900 2930 989 2984 oratio
1005 2929 1153 2983 satirarum
1166 2929 1207 2983 ab
1224 2931 1262 2984 iis
1272 2932 1438 2987 omninoab-

343 2997 429 3067 igitur
438 2996 467 3050 in
477 2997 606 3067 ep1stolis
620 3014 677 3049 non
691 2997 775 3049 modo
791 2997 880 3050 maior
900 2998 943 3065 sit,
963 3014 1132 3067 quamquam
1146 2997 1284 3053 hilaritas
1305 3001 1390 3055 amici
1404 3017 1438 3052 nr-

344 3067 484 3137 quaedam
503 3083 636 3119 sensuum
657 3064 880 3134 iudiciorumque
898 3066 1161 3120 baneiocantisaut
1174 3068 1348 3123 cavillantia
1362 3067 1437 3123 neuti-

343 3134 468 3204 gravitas
495 3141 581 3204 atque
612 3133 748 3203 dignitas,
784 3150 880 3186 verum
899 3152 983 3204 quam
992 3134 1022 3187 in
1031 3134 1101 3202 ipsis
1112 3133 1308 3190 desideratur.
1336 3137 1437 3207 Deque

343 3205 427 3257 etiam
437 3204 554 3272 elegans
565 3201 879 3272 atquesuavisdoeendi
898 3220 927 3256 re
943 3202 1086 3256 verissime
1095 3201 1293 3257 Lambinusz²
1315 3205 1437 3275 „Episto

342 3271 531 3340 monendique
546 3270 648 3323 lenitas
667 3276 695 3324 at
717 3288 752 3324 00
766 3269 879 3337 urbani·
899 3271 942 3324 lac
953 3277 981 3324 et
991 3270 1122 3337 satirae,“
1137 3268 1243 3340 inquit,
1255 3290 1339 3341 „nen
1350 3274 1438 3328 eodem

342 3346 386 3391 tas
401 3344 429 3391 01
442 3339 471 3390 10
484 3338 603 3391 maxima
618 3289 730 3392 diceniii
747 3338 879 3392 libertate
899 3340 963 3392 stilo
982 3338 1050 3391 mihi
1068 3338 1202 3390 videntur
1221 3340 1355 3410 scriptae
1377 3356 1437 3395 esse

342 3407 465 3474 prudens
485 3407 622 3474 quaedam
642 3407 797 3460 moderatio
817 3423 880 3459 cum
899 3407 960 3460 Hae
975 3407 1048 3461 enim
1062 3406 1192 3473 (satirae)
1207 3424 1273 3461 non
1289 3410 1385 3463 solum
1397 3410 1437 3461 bu·

342 3472 456 3525 amabili
467 3472 550 3524 animi
566 3474 689 3526 candore
699 3480 728 3526 et
736 3475 878 3528 hilaritate
898 3475 955 3527 mili
971 3476 1020 3529 sed
1036 3474 1119 3528 etiam
1134 3472 1261 3528 orationi
1276 3476 1392 3531 solutae
1409 3475 1437 3528 si-

343 3539 502 3592 coniuncta.
537 3539 671 3591 Recludit
697 3541 769 3594 enim
792 3548 879 3612 poeta
898 3544 1027 3612 millimo,
1049 3540 1251 3596 verumetiam
1270 3544 1435 3614 faceto,ur·

342 3606 448 3675 ubique
462 3606 602 3659 interioris
616 3606 702 3659 animi
717 3609 759 3661 sui
779 3628 878 3664 sensus
897 3613 987 3679 bano,
1014 3608 1139 3663 mordaci
1157 3625 1267 3679 genere
1291 3614 1437 3668 verborum

342 3680 428 3742 atque
438 3680 538 3742 pectus
549 3674 733 3729 amieisoffert
742 3695 797 3731 non
808 3679 877 3732 aori·
897 3686 991 3733 textae
1002 3684 1079 3745 sunt3
1098 3678 1237 3747 epistolae
1248 3696 1331 3749 vero,
1348 3697 1436 3751 quan·

342 3740 437 3795 monia
446 3747 496 3795 aut
505 3742 659 3796 acerbitate
671 3745 815 3814 agitatum,
829 3747 878 3799 sed
898 3748 939 3800 vis
962 3746 1127 3817 quotidiano
1150 3746 1218 3800 illae
1242 3764 1365 3826 quoque
1388 3766 1435 3802 ser·

341 3812 456 3880 plenum
467 3827 500 3863 ac
514 3810 647 3864 refertum
663 3814 778 3868 caritate
793 3815 878 3868 bene·
896 3832 978 3869 mone
990 3821 1019 3870 et
1028 3813 1121 3868 verbis
1133 3814 1166 3868 de
1181 3813 1278 3868 medio
1295 3816 1396 3870 sumtis
1408 3832 1436 3868 ac

341 3878 491 3935 velentiae.
532 3879 774 3943 Quemadmodum
792 3882 879 3952 igitur
896 3884 992 3952 petitis
1011 3899 1116 3952 magna
1135 3899 1168 3936 ex
1186 3888 1271 4003 parte
1297 3890 1434 3950 constent,

341 3948 477 4003 Horatius
495 3948 560 4002 inde
579 3948 616 4002 ab
635 3951 878 4004 0012111110εο
898 3951 1132 4021 quemadmodum
1152 3950 1186 4003 de
1211 3956 1262 4003 ent
1285 3968 1302 4005 0
1325 3951 1435 4015 101010ος

341 4018 495 4088 aliquando
532 4018 688 4087 epodorum
725 4018 878 4087 scriptione
897 4024 989 4073 tamen
1000 4036 1034 4073 ea
1043 4017 1215 4086 urbanitate,
1227 4017 1262 4070 iis
1275 4036 1310 4073 sa
1323 4020 1396 4089 bus,
1406 4035 1434 4073 eo

341 4087 463 4141 animum
478 4104 557 4140 suum
571 4087 607 4140 ad
623 4088 693 4141 odas
713 4088 877 4141 scribendas
897 4087 1019 4157 denique
1039 4092 1130 4154 aceto,
1149 4092 1182 4139 ut
1199 4086 1240 4139 ita
1258 4087 1365 4157 dicam,
1385 4103 1434 4159 quo

341 4156 458 4225 appulit,
469 4156 509 4209 ita
518 4163 576 4209 tum
587 4155 670 4209 etiam
680 4156 828 4209 satirarum
839 4154 876 4207 di·
897 4156 999 4209 satirae
1020 4155 1145 4208 imbutae
1165 4159 1243 4222 sunt,
1273 4163 1387 4222 carent,
1409 4161 1435 4207 01

342 4224 461 4278 cecitate
472 4231 501 4279 et
509 4223 664 4278 acerbitate
674 4229 831 4293 temperata
841 4224 876 4277 ad
897 4224 1034 4292 omittam,
1064 4223 1140 4292 quod
1163 4239 1259 4276 earum
1281 4224 1434 4278 nonnullae

341 4291 431 4345 lenius
443 4293 624 4361 epistolarum
638 4309 727 4360 genus
741 4294 877 4346 acceden-

342 4359 407 4411 dum
422 4360 475 4413 sibi
490 4377 553 4414 csse
567 4360 711 4414 iudicavit.
747 4359 799 4413 cui
818 4360 877 4439 qui·
921 4365 932 4401 1
947 4361 1432 4410 0011110101.11011101111100011000.

342 4425 405 4477 (10111
414 4427 626 4495 ipsiusconsilio
634 4444 788 4495 sanoquam
797 4445 877 4481 mira·
896 4413 1433 4517 ξέξ,,ξῖ,ἳζ,ῂῧῖ,,ξ”ἆζᾈῗ3,ῗὲἳνῗ,ξᾝᾚω

342 4491 437 4546 biliter
454 4494 636 4563 epistolarum
649 4496 721 4549 ratio
738 4495 876 4564 congruit.
925 4518 937 4556 2
952 4515 1096 4556 Cemmenus
1108 4514 1215 4554 ansam.
1226 4516 1245 4554 1.
1257 4516 1288 4555 m.
