3225 5442
554 664 588 730 Q.
602 661 765 719 HORATII
777 662 920 720 nancel

370 845 426 887 vos
444 821 514 886 lene
532 819 696 885 consilium
714 829 745 884 et
761 819 858 899 datis,
877 830 909 885 et
927 822 1004 887 dato
1081 880 1083 883 .

369 914 529 1001 gaudetis,
548 914 658 978 almae.
678 913 794 979 scimus
813 923 848 978 ut
865 914 980 1001 impios

413 1009 543 1072 Titanas
561 1008 791 1090 immanemque
810 1017 945 1073 turmam

454 1101 584 1165 fulmine
602 1101 762 1165 sustulerit
779 1102 907 1179 caduco,

371 1238 425 1321 qui
443 1248 556 1300 terram
574 1236 717 1312 inertem,
737 1236 791 1319 qui
808 1259 893 1301 mare
910 1246 1069 1323 temperat

368 1339 547 1405 ventosum,
566 1339 597 1393 et
614 1328 708 1393 urbes
726 1351 886 1415 regnaque
904 1331 1007 1397 tristia

410 1425 562 1507 divosque
579 1423 788 1506 mortalesque
806 1423 913 1490 turbas

452 1518 582 1602 imperio
600 1516 680 1603 regit
698 1539 779 1581 unus
797 1539 907 1599 aequo.

368 1668 517 1732 magnum
534 1644 589 1708 illa
606 1654 756 1708 terrorem
773 1644 919 1709 intulerat
936 1646 1008 1711 Iovi

368 1741 468 1804 fidens
486 1740 632 1803 iuventus
650 1738 776 1803 horrida
791 1737 938 1817 brachiis,

410 1833 584 1916 fratresque
602 1833 765 1897 tendentes
783 1854 882 1918 opaco

452 1926 564 1990 Pelion
580 1925 768 2011 imposuisse
788 1923 942 2011 Olympo:

370 2057 427 2122 sed
444 2056 520 2139 quid
538 2055 708 2140 Typhoeus
727 2065 759 2120 et
774 2055 898 2120 validus
916 2054 1046 2135 Mimas,

369 2159 423 2214 aut
440 2150 516 2233 quid
533 2149 647 2213 minaci
665 2149 862 2235 Porphyrion
880 2158 972 2227 statu,

413 2243 648 2327 quid-Rhoetus
667 2243 845 2326 evulsisque
863 2244 981 2309 truncis

452 2337 633 2401 Enceladus
651 2336 802 2401 iaculator
818 2336 924 2401 audax

369 2474 476 2528 eontra
495 2473 657 2528 sonantem
673 2462 813 2527 Palladis
831 2463 943 2549 aegida

369 2563 499 2643 possent
515 2557 660 2622 ruentes?
677 2556 750 2621 hino
766 2557 878 2623 avidus
893 2558 982 2629 ¹stetit

411 2650 587 2728 Vulcanus,
605 2650 678 2714 hinc
696 2659 838 2715 matrona
854 2650 949 2728 Iuno,
968 2659 1000 2715 et

454 2766 615 2827 nunquam
632 2744 770 2809 humeris
788 2746 946 2830 positurus
965 2768 1082 2821 arcum,

368 2873 423 2955 qui
439 2894 509 2935 rore
526 2895 605 2957 puro
624 2871 782 2937 Castaliae
798 2872 876 2937 lavit

291 2974 293 2978 '
369 2966 470 3029 crines
490 2966 622 3041 solutos,
641 2966 696 3048 qui
711 2965 833 3050 Lyciae
851 2976 935 3030 tenet

371 3091 373 3093 ·
413 3061 541 3123 dumeta
557 3060 755 3142 natalemque
774 3060 895 3137 silvam,

452 3154 565 3218 Delius
585 3164 616 3218 et
633 3153 784 3219 Patareus
802 3155 930 3241 Apollo.

369 3284 417 3347 vis
437 3282 546 3346 consili
564 3304 675 3367 expers
693 3282 775 3346 mole
792 3282 855 3346 ruit
872 3305 943 3361 sua3

371 3376 435 3439 vim
453 3385 657 3461 temperatam
676 3376 708 3439 di
725 3398 849 3459 quoque
867 3375 1041 3461 provehunt

412 3470 445 3533 in
463 3470 579 3547 maius3
598 3470 682 3533 idem
700 3471 793 3535 odere
811 3470 892 3535 vires

454 3586 545 3627 omne
563 3563 653 3629 nefas
671 3564 775 3629 animo
792 3573 963 3628 moventes.

370 3694 459 3758 testis
478 3716 617 3757 mearum
635 3695 830 3759 centimanus
849 3692 938 3780 Gyas

371 3787 608 3864 sententiarum,
627 3797 720 3852 notus
739 3799 770 3852 et
786 3789 926 3875 integrae

413 3889 547 3945 tentator
566 3878 667 3946 Orion
684 3881 820 3960 Dianae,

454 3973 596 4059 virginea
613 3974 749 4039 domitus
768 3975 892 4062 sagitta.

370 4101 484 4166 iniecta
500 4101 648 4166 monstris
667 4101 766 4166 Terra
783 4103 868 4167 dolet
885 4101 960 4177 suis,

370 4206 547 4281 maeretque
564 4208 671 4282 partus
689 4197 821 4262 fulmine
837 4198 974 4262 luridum

413 4291 527 4355 missos
545 4291 585 4354 ad
605 4289 739 4368 Orcum3
757 4314 816 4356 nec
832 4292 952 4377 peretlit

455 4383 632 4467 impositam
651 4384 733 4449 celer
748 4386 831 4471 ignis
850 4383 1002 4459 Aetnam3
