3225 5442
444 722 666 779 SATIRARUM
685 724 759 779 LIB.
773 726 796 780 1.

271 904 285 943 1
303 888 406 943 amoto
424 901 610 962 quaeramus
630 882 710 944 seria
727 882 810 946 ludo.

271 997 304 1037 m
322 974 400 1037 duro
417 983 531 1037 terram
549 975 602 1057 qui
620 976 712 1039 vertit
729 987 841 1051 aratro,

271 1068 310 1131 ric
328 1089 442 1151 caupo,
462 1067 565 1145 mileo,
583 1080 772 1152 nautaeque,
790 1092 956 1154 peremne

269 1184 344 1225 nare
361 1160 416 1244 qui
434 1170 575 1238 currunt,
593 1162 653 1226 hac
670 1174 774 1227 mente
792 1164 930 1228 laborem

269 1285 286 1332 ε,
306 1276 397 1319 senes
414 1264 448 1317 ut
466 1255 499 1317 in
516 1256 580 1319 otia
597 1265 664 1319 tuta
681 1258 836 1334 recedant,

269 1372 319 1411 um
339 1348 400 1412 sibi
418 1348 480 1411 sint
498 1360 649 1435 congesta
666 1350 796 1414 cibaria:
817 1352 898 1415 sicut

268 1466 339 1505 nam
357 1442 500 1525 exemplo
519 1454 580 1518 est,
599 1444 706 1528 magni
723 1444 854 1509 formica
870 1444 986 1509 laboris

286 1536 504 1619 quodcumque
522 1547 626 1622 potest
644 1547 737 1620 atque
755 1538 841 1601 addit
860 1560 981 1614 acerve,

268 1629 320 1705 rit,
340 1629 424 1692 haud
442 1630 551 1715 ignara
568 1653 606 1695 ae
623 1654 687 1694 non
703 1631 829 1695 incauta
846 1632 951 1695 futuri.

268 1722 310 1785 rul
328 1722 487 1786 inversum
505 1724 666 1787 contristat
683 1724 844 1807 Aquarius
863 1749 989 1802 annum,

267 1839 318 1879 am
335 1816 473 1902 prorepit
490 1827 521 1879 et
538 1816 599 1881 illia
617 1819 714 1881 utitur
731 1828 802 1882 ante

272 1910 411 1995 sapiens,
429 1933 528 1993 quum
546 1922 576 1974 te
593 1933 695 1994 neque
713 1912 852 1976 fervidus
871 1923 977 1977 aestus

266 2004 386 2079 lucro,
405 2026 506 2087 neque
525 2004 641 2082 hiems,
660 2006 756 2091 ignia,
776 2029 875 2083 mare,
894 2007 1027 2082 ferrum,

266 2096 354 2173 tibi,
373 2098 449 2160 dum
466 2120 506 2161 ne
524 2098 564 2162 sit
582 2109 612 2164 te
631 2100 722 2164 ditior
739 2099 826 2164 alter.

265 2201 284 2253 ,t
299 2190 489 2257 immensum
507 2202 537 2256 te
555 2194 676 2279 argenti
693 2194 816 2278 pondus
836 2204 867 2257 et
884 2195 951 2258 auri

264 2285 355 2348 dossa
373 2284 515 2349 timidum
534 2287 689 2372 deponere
708 2288 807 2351 terra?
825 2327 865 2334 -

264 2379 458 2456 eomminuas,
477 2380 571 2444 vilem
589 2381 748 2468 redigatur
766 2382 806 2445 ad
824 2405 937 2446 assem.

263 2474 299 2551 it,
318 2475 394 2558 quid
411 2475 507 2540 habet
523 2476 646 2560 pulchri
664 2488 860 2542 constructus
879 2476 1029 2542 acervus?

263 2569 365 2632 rmenti
382 2580 436 2633 tua
454 2569 572 2635 triverit
589 2594 662 2635 area
679 2581 814 2648 centum,

274 2662 334 2725 hoc
352 2664 454 2748 capiet
470 2675 579 2727 venter
595 2664 667 2749 plus
686 2688 723 2729 ac
740 2688 845 2730 meus:
864 2676 898 2730 ut
916 2666 944 2730 ai

262 2790 266 2818 r
283 2755 373 2840 panis
391 2756 518 2821 venales
537 2758 617 2821 inter
634 2747 745 2823 onusto

263 2874 298 2913 as
316 2850 460 2926 humer0‚
478 2851 575 2915 nihilo
593 2852 664 2936 plus
683 2853 819 2937 accipias
838 2874 932 2935 quam

261 2943 372 3007 ortarit.
391 2944 442 3007 vel
459 2944 524 3022 dic,
543 2945 619 3028 quid
635 2946 750 3011 reserat
767 2948 849 3009 intra

261 3036 328 3101 ines
347 3037 479 3116 viventi,
497 3039 608 3125 iugera
626 3051 751 3104 centum
769 3064 811 3103 an

261 3131 288 3193 t?
305 3170 345 3177 —
367 3145 418 3208 „at
437 3155 534 3197 suave
552 3142 600 3197 est
618 3156 658 3197 ex
675 3156 791 3219 magno
809 3134 917 3198 tollere
936 3137 1079 3197 acerv0.“

260 3246 350 3308 parvo
367 3224 457 3289 nobis
476 3228 670 3291 tantumdem
688 3226 812 3291 haurire
829 3227 998 3309 relinquaa,

260 3316 317 3382 tlua
335 3318 444 3383 laudas
463 3321 598 3385 cumeris
615 3322 761 3407 granarm
778 3322 913 3385 nostris?

274 3413 314 3477 sit
331 3436 410 3499 opus
429 3414 540 3498 liquidi
557 3438 621 3479 non
638 3416 772 3501 amplius
791 3438 870 3479 urna

259 3528 297 3582 ro,
317 3517 348 3570 et
365 3508 466 3572 dieas:
487 3532 622 3594 „magno
641 3509 680 3574 de
698 3509 826 3573 flumine
844 3508 979 3584 mallem,

272 3601 332 3665 hoc
350 3601 501 3665 fonticulo
519 3603 713 3666 tantumdem
732 3609 886 3667 sumere.“
906 3625 944 3667 eo
962 3604 1005 3677 fit,

258 3704 274 3758 .t
292 3695 416 3777 siquos
435 3696 569 3760 delectet
587 3697 677 3781 copia
694 3698 786 3775 iusto,

258 3834 259 3847 ,
277 3788 370 3851 simul
388 3789 515 3853 avulsos
534 3790 615 3853 ferat
631 3790 769 3855 Aufidus
788 3814 868 3855 acer.

257 3881 333 3944 ntuli
351 3891 436 3967 eget,
455 3892 573 3965 quanto
592 3894 640 3948 est
658 3907 752 3968 opus,
771 3884 798 3948 is
817 3907 919 3967 neque
936 3884 1012 3948 limo

273 3975 377 4039 haurit
394 3999 523 4059 aquam,
542 4000 643 4061 neque
661 3979 758 4042 vitam
776 3979 890 4043 amittit
907 3979 939 4041 in
957 3978 1059 4041 undis.

256 4091 322 4153 pars
341 4070 503 4135 hominum
521 4073 652 4157 decepta
670 4074 818 4157 cupidine
834 4072 924 4149 salso,

256 4173 317 4240 eat,
337 4165 450 4248 inquit,
470 4166 544 4248 quia
562 4168 653 4243 tanti,
672 4178 823 4250 quantum
842 4167 974 4243 habeas,
995 4167 1047 4229 sis.

256 4281 291 4321 aa
308 4258 372 4322 illi?
389 4260 498 4325 iubeas
516 4260 665 4326 miserum
683 4283 767 4338 esse,
786 4260 917 4325 libenter

272 4352 305 4416 id
323 4353 413 4418 facit:
432 4365 467 4419 ut
484 4356 611 4439 quidam
629 4365 819 4420 memoratur
835 4354 971 4419 Athenis

263 4468 301 4511 ae
319 4448 408 4512 dives
425 4450 533 4534 populi
551 4461 748 4515 contemnere
765 4471 860 4514 voees
