3225 5442
321 702 387 767 214
653 709 687 775 Q.
701 707 874 764 ΗΟΒΑΤΠ
887 706 1041 764 FLACCI

253 895 304 943 eoo
322 870 469 938 sedulitas
488 877 608 943 autem,
627 865 722 931 stulte
740 887 837 948 quem
854 866 980 951 diligit,
1001 876 1112 952 urget3

320 964 487 1053 praecipue
505 984 604 1045 quum
622 983 657 1025 se
675 960 815 1023 numeris
834 961 1048 1026 commendat
1067 969 1099 1025 et
1116 969 1192 1024 arte:

321 1059 413 1123 discit
430 1058 514 1121 enim
532 1056 623 1120 citius
641 1054 845 1136 meminitque
863 1053 1026 1118 libentius
1046 1054 1135 1131 illud,

321 1153 406 1236 quod
423 1151 493 1234 quis
511 1149 646 1225 deridet,
665 1169 760 1231 quam
778 1147 865 1231 quod
884 1148 1007 1232 probat
1026 1159 1061 1213 et
1078 1157 1237 1212 veneratur

321 1247 364 1310 nil
384 1268 488 1309 moror
504 1243 659 1319 officium,
677 1242 761 1325 quod
780 1263 832 1306 me
849 1251 983 1326 gravat,
1005 1264 1047 1306 ac
1065 1263 1167 1324 neque
1183 1241 1249 1305 ficto

254 1362 304 1410 265
322 1342 356 1404 iu
372 1340 463 1426 peius
481 1338 570 1402 vultu
587 1336 719 1421 proponi
737 1357 846 1400 cereus
865 1357 1021 1418 usquam,

320 1455 380 1497 nec
397 1454 493 1516 prave
511 1432 603 1496 factis
622 1429 761 1494 decorari
778 1428 927 1493 versibus
947 1438 1045 1513 opt03

322 1549 362 1590 ne
379 1525 510 1590 rubeam
527 1524 638 1611 pingui
655 1525 788 1588 donatus
808 1544 940 1587 munere
959 1532 993 1586 et
1012 1546 1081 1587 una

322 1643 394 1684 cum
413 1619 563 1704 scriptore
581 1641 652 1683 meo
670 1625 948 1701 capsa-porrectus
967 1627 1086 1701 operta

322 1714 445 1777 deferar
462 1714 495 1776 in
513 1713 617 1776 vicum
635 1713 822 1776 vendentem
840 1710 914 1775 thus
934 1720 967 1774 et
984 1712 1107 1776 odores

256 1828 306 1875 ‘270
324 1817 355 1870 et
372 1808 461 1893 piper
479 1816 511 1871 et
528 1806 680 1890 quidquid
698 1806 812 1870 chartis
831 1804 979 1869 amicitur
996 1805 1131 1890 ineptis.

683 2003 931 2065 EPISTOLA
954 2006 1003 2064 Π.

617 2150 673 2197 au
701 2148 854 2199 1uu1uu
880 2147 1082 2199 uacuum.

324 2274 433 2351 Flore,
451 2272 533 2339 bono
551 2272 698 2356 claroque
715 2271 817 2337 fidelis
835 2272 936 2337 amice
954 2271 1091 2351 Neroni,

326 2368 352 2431 si
370 2367 441 2450 quis
459 2367 539 2431 sorte
558 2367 633 2430 velit
649 2388 781 2451 puerum
799 2365 857 2430 tibi
873 2366 1013 2430 vendere
1032 2376 1150 2431 natum
1192 2370 1197 2377 '

326 2461 444 2525 Tibure
462 2462 513 2524 vel
531 2459 643 2526 Gabiis
662 2472 692 2523 et
710 2470 814 2524 tecum
832 2460 878 2524 sic
895 2469 984 2546 agat:
1006 2460 1083 2537 „hie
1103 2471 1136 2525 et

326 2555 477 2619 candidus
496 2565 527 2619 et
544 2553 623 2618 talos
642 2554 793 2619 avertice
811 2553 940 2638 pulcher
958 2554 1001 2617 ad
1019 2554 1108 2618 imos

292 2668 307 2714 t
325 2647 379 2710 fiet
397 2648 516 2730 eritque
534 2656 606 2711 tuus
625 2669 791 2712 numorum
809 2646 945 2712 millibus
965 2657 1050 2723 octo,

327 2763 422 2805 verua
440 2741 619 2806 ministeriis
638 2741 678 2805 ad
696 2751 791 2806 nutus
809 2751 900 2825 aptus
918 2740 1046 2818 heriles,

326 2832 456 2898 literulis
477 2832 607 2898 Graecis
626 2833 779 2910 imbutus,
798 2834 929 2898 idoneus
948 2834 1008 2899 arti

327 2927 466 3004 cuilibet3
486 2928 596 3013 argilla
613 2928 737 3011 quidvis
755 2927 925 2992 imitaberis
943 2928 1008 2991 uda
1014 2952 1037 3004 ;'

326 3021 401 3103 quin
420 3022 514 3084 etiam
533 3032 623 3085 canet
639 3021 801 3085 indoctum
820 3021 876 3086 sed
894 3021 985 3085 dulce
1004 3021 1141 3088 bibenti.

279 3134 309 3180 10
328 3114 426 3178 multa
443 3115 538 3178 fidem
555 3115 710 3200 promissa
727 3116 845 3192 levant,
864 3115 920 3179 ubi
936 3115 1062 3199 plenius
1083 3139 1190 3200 aequo

327 3208 432 3272 laudet
449 3210 576 3273 venales
594 3210 649 3291 qui
666 3210 734 3273 vult
751 3210 916 3273 excludere
934 3230 1066 3274 merces.

327 3325 377 3367 res
395 3314 486 3388 urget
504 3326 553 3367 me
572 3304 672 3382 nulla3
691 3326 761 3368 meo
780 3327 850 3368 sum
868 3325 988 3388 pauper
1004 3304 1039 3365 in
1057 3326 1144 3368 aere.

328 3419 419 3460 nemo
438 3397 496 3462 hoc
515 3421 707 3483 mangonum
724 3397 842 3461 faceret
859 3397 930 3474 tibi3
949 3419 1010 3459 non
1030 3406 1154 3462 temere
1173 3422 1193 3461 a
1211 3420 1262 3460 me

328 3491 430 3571 quivis
449 3491 543 3555 ferret
560 3491 653 3555 idem.
678 3492 774 3555 semel
791 3490 843 3554 hie
862 3490 996 3554 cessavit
1014 3498 1060 3566 et,
1078 3501 1118 3555 ut
1136 3493 1182 3567 fit,

278 3602 309 3649 15
327 3581 360 3644 in
378 3584 470 3647 scalis
488 3584 578 3647 latuit
595 3595 738 3648 metuens
756 3584 920 3669 pendentis
938 3582 1122 3647 habenae:“

328 3675 383 3740 des
403 3699 529 3753 numos,
549 3688 680 3762 excepta
697 3677 774 3741 nihil
792 3687 822 3740 te
840 3678 868 3741 si
886 3677 964 3762 fuga
981 3675 1091 3741 laedit:

328 3768 380 3832 ille
398 3769 479 3833 ferat
495 3770 630 3854 pretium
647 3793 766 3854 poenae
785 3792 928 3845 securus,
948 3769 1069 3853 opinor.

328 3863 465 3945 prudens
484 3864 586 3927 emisti
603 3864 766 3942 vitiosum;
784 3865 868 3929 dicta
886 3863 943 3929 tibi
960 3873 1008 3928 est
1024 3863 1091 3926 lex:

328 3956 502 4040 insequeris
521 3968 625 4022 tamen
642 3957 726 4022 hunc
744 3968 775 4022 et
791 3958 845 4023 lite
863 3957 993 4022 moraris
1012 3956 1130 4039 iniqua.

278 4067 311 4115 20
330 4049 394 4112 dixi
412 4073 462 4114 me
480 4052 605 4137 pigrum
621 4051 834 4138 proficiscenti
851 4051 922 4129 tibi,
941 4050 1006 4114 dixi

329 4142 443 4206 talibus
463 4146 574 4209 officiis
592 4169 689 4231 prope
708 4168 867 4222 mancum,
886 4168 926 4209 ne
944 4167 1015 4208 mea
1033 4165 1148 4207 saevus

329 4236 468 4322 iurgares
487 4240 576 4305 adte
593 4242 678 4323 quod
695 4241 827 4325 epistola
844 4239 930 4304 nulla
946 4237 1069 4303 rediret.
1183 4309 1185 4312 ¹

329 4330 405 4410 quid
423 4340 489 4395 tum
506 4334 638 4418 profeci,
657 4357 781 4399 mecum
799 4334 947 4399 facientia
964 4333 1032 4397 iura

285 4496 289 4504 ἱ
330 4422 357 4484 si
375 4433 479 4489 tamen
497 4429 650 4495 attentas?
666 4430 804 4512 quereris
825 4452 919 4515 super
936 4428 996 4492 hoc
1014 4427 1123 4504 etiam,
1142 4427 1230 4508 quod
