3225 5442
256 4034 347 4081 20.

633 691 667 754 Q.
682 686 845 743 HORATII
858 685 1000 743 FLACOI

432 846 525 924 eheu,
545 845 723 910 cicatricum
741 855 773 908 et
790 843 915 908 sceleris
932 844 1031 929 pudet

432 940 635 1023 fratrumque.
654 939 730 1021 quid
746 960 805 1003 nos
824 938 902 1001 dura
918 937 1097 1024 refugimus

474 1034 580 1098 aetas?
597 1034 673 1116 quid
690 1033 842 1096 intactum
858 1031 973 1095 nefasti

515 1127 683 1211 liquimus?
700 1126 783 1190 unde
800 1150 929 1190 manum
946 1127 1096 1193 iuventus

430 1273 516 1328 metu
533 1264 663 1327 deorum
682 1262 852 1327 continuit?
868 1261 982 1346 quibus

431 1358 569 1442 pepercit
586 1356 667 1420 aris?
684 1378 703 1421 ο
721 1356 840 1421 utinam
857 1376 940 1420 nova

473 1451 585 1515 incude
603 1450 750 1536 diffingas
767 1459 908 1514 retusum
925 1449 959 1513 in

516 1543 717 1630 Massagetas
735 1542 923 1626 Arabasque
940 1542 1074 1607 ferrum!

627 1803 826 1885 clausu
847 1802 1003 1863 xxxu.

523 1946 562 1994 IN
581 1945 765 1996 HONOREM
782 1944 909 1995 PLOTII
927 1944 1111 1995 NUMIDAE.

431 2070 474 2133 Et
492 2070 582 2135 thure
601 2081 632 2134 et
648 2070 763 2135 fidibus
781 2070 869 2133 iuvat

473 2166 597 2248 placare
616 2174 647 2228 et
664 2164 753 2229 vituli
771 2163 923 2249 sanguine
941 2162 1046 2227 debito
1079 2231 1082 2236 ,

431 2259 577 2322 custodes
594 2257 750 2322 Numidae
767 2258 854 2334 deos,
916 2255 919 2261 ’

473 2351 528 2435 qui
545 2375 628 2416 nuno
645 2351 803 2437 Hesperia
821 2371 930 2435 sospes
948 2348 988 2414 ab
1006 2349 1117 2413 ultima

433 2488 512 2552 caris
530 2487 628 2552 multa
646 2486 816 2564 sodalibus,

474 2581 552 2644 nulli
569 2581 660 2664 plura
677 2590 781 2645 tamen
799 2580 910 2644 dividit
927 2578 1034 2643 oscula

433 2696 528 2757 quam
546 2675 630 2739 dulci
646 2675 794 2752 Lamiae,
813 2697 934 2739 memor

474 2777 562 2831 actae
580 2790 644 2832 non
661 2768 721 2832 alio
739 2790 814 2853 rege
831 2766 970 2852 puertiae

430 2912 629 2986 mutataeque
647 2904 740 2967 simul
757 2912 859 2989 togae.

475 2995 593 3061 Cressa
610 3019 650 3060 ne
668 3006 773 3061 careat
789 2996 920 3082 pulchra
937 2995 1004 3059 dies
1023 3005 1106 3072 nota,

430 3113 494 3154 neu
509 3100 650 3176 promtae
667 3091 778 3155 modus
797 3090 975 3175 amphorae,

473 3206 535 3248 neu
552 3207 670 3249 morem
687 3185 720 3248 in
739 3183 861 3248 Salium
879 3184 919 3249 sit
935 3184 1058 3267 requies
1075 3184 1201 3270 pedum,

430 3343 493 3383 neu
510 3321 601 3385 multi
616 3319 761 3384 Damalis
779 3320 858 3383 meri

466 3415 611 3479 ‘Bassum
629 3415 775 3479 Threicia
792 3415 897 3479 vincat
914 3415 1077 3500 amystide,

431 3530 493 3572 neu
511 3509 614 3573 desint
630 3509 731 3594 epulis
748 3531 848 3585 rosae,

473 3624 535 3665 neu
552 3602 646 3666 vivax
664 3601 783 3687 apium,
802 3624 865 3665 neu
882 3601 977 3666 breve
994 3602 1102 3665 lilium.

432 3760 541 3801 omnes
558 3738 591 3801 in
609 3737 759 3801 Damalin
775 3746 883 3823 putres

474 3832 631 3916 deponent
648 3832 771 3908 oculos;
789 3853 848 3896 nec
865 3829 1009 3895 Damalis
1026 3852 1109 3895 novo

433 3925 596 3990 divelletur
613 3927 763 4005 adultero,

476 4019 601 4085 lascivis
620 4019 743 4085 hederis
761 4020 962 4086 ambitiosior.
