3225 5442
470 708 676 767 CARMINUM
693 710 767 765 LIB.
782 711 835 766 ΙΙΙ.

289 890 377 945 nam,
395 888 476 951 quae
494 866 590 931 nivali
607 867 746 952 pascitur
762 867 883 954 Algido

289 963 400 1026 devota
416 982 550 1045 quercus
568 960 648 1025 inter
665 971 697 1025 et
713 961 810 1038 ilices,

330 1063 384 1119 aut
400 1054 512 1119 crescit
529 1053 663 1119 Albanis
681 1055 714 1118 in
731 1054 836 1120 herbis

373 1147 514 1225 victima,
532 1147 714 1233 pontificum
731 1171 857 1214 secures

288 1284 407 1349 cervice
425 1284 538 1369 tinget:
558 1293 588 1347 te
605 1284 683 1347 nihil
700 1285 811 1349 attinet

288 1388 404 1443 tentare
422 1378 521 1443 multa
538 1379 633 1443 caede
651 1377 824 1444 bidentium

330 1494 443 1557 parvos
462 1481 662 1536 coronantem
680 1472 800 1537 marino

371 1587 440 1632 rore
457 1566 534 1631 deos
552 1565 718 1652 fragilique
735 1575 847 1651 myrto

287 1701 434 1767 immunis
452 1725 539 1765 aram
557 1702 585 1766 si
602 1702 703 1788 tetigit
720 1724 843 1778 manus,

287 1819 351 1860 non
369 1805 553 1881 sumptuosa
569 1795 712 1860 blandior
729 1795 832 1860 hostia

330 1889 463 1953 mollivit
480 1911 608 1954 aversos
625 1889 762 1954 Penates

372 1982 453 2047 farre
470 1982 524 2068 pio
541 1990 573 2047 et
590 1982 720 2047 saliente
738 1983 829 2046 mica.
878 2035 881 2041 .

481 2207 680 2269 OARMEN
701 2207 825 2269 XXIV.

409 2391 412 2397 .
522 2350 566 2401 Iu
589 2349 779 2403 AVAROS.

250 2475 374 2540 [utactis
391 2474 567 2559 opulentior

286 2569 440 2634 thesauris
458 2567 603 2635 Arabum
621 2577 652 2634 et
669 2568 774 2634 divitis
792 2568 902 2634 Indiae

249 2663 411 2729 caementis
429 2662 503 2728 licet
519 2684 656 2747 occupes

268 2757 484 2843 ,Tyrrhenum
502 2778 594 2821 omne
611 2756 673 2821 tuis
692 2765 723 2821 et
740 2760 825 2821 mare
844 2754 1024 2841 Apulicum,

248 2893 272 2959 si
288 2893 358 2979 figit
374 2892 592 2957 adamantinos

286 2988 416 3052 summis
434 2986 603 3052 verticibus
621 2984 689 3049 dira
705 2983 885 3051 Necessitas

247 3081 363 3157 clavos,
381 3104 445 3145 non
462 3080 602 3145 animum
619 3088 715 3155 metu,

284 3195 348 3237 non
365 3174 473 3238 mortis
490 3174 611 3257 laqueis
630 3172 779 3257 expedies
798 3181 901 3256 caput.

247 3317 435 3393 campestres
453 3308 566 3373 melius
586 3306 735 3393 Scythae,

285 3422 417 3485 quorum
434 3402 574 3486 plaustra
590 3424 689 3488 vagas
706 3402 764 3465 rite
782 3401 909 3465 trahunt
926 3401 1046 3478 domos,

246 3496 354 3559 vivunt
376 3504 407 3559 et
423 3494 517 3581 rigidi
536 3492 646 3572 Getae,

285 3589 445 3653 immetata
461 3589 575 3671 quibus
593 3589 703 3675 iugera
718 3588 834 3654 liberas

245 3722 350 3809 fruges
369 3734 400 3787 et
418 3723 566 3789 Cererem
583 3724 697 3801 ferunt,

285 3839 343 3881 neo
361 3818 481 3882 cultura
498 3817 603 3902 placet
620 3818 742 3904 longior
759 3841 871 3895 annua,

244 3910 488 3995 defunctumque
505 3910 666 3977 laboribus

285 4005 408 4088 aequali
424 4015 544 4071 recreat
562 4015 644 4070 sorte
661 3996 806 4069 ¹vicarius.
875 4061 879 4069 .

243 4140 305 4206 illio
323 4152 422 4207 matre
440 4142 616 4207 carentibus

284 4236 437 4321 privignis
455 4236 566 4300 mulier
583 4244 735 4320 temperat
752 4234 913 4310 innocens,

243 4349 302 4392 nec
319 4329 427 4392 dotata
443 4329 524 4414 regit
541 4330 642 4393 virum

285 4422 413 4499 coniux,
432 4444 490 4486 nec
507 4422 605 4488 nitido
622 4422 689 4487 fidit
707 4422 861 4487 adultero:
