3225 5442
320 684 382 751 156
665 695 699 761 Q.
713 692 876 751 HORATII
893 692 1040 754 mccl

319 877 402 919 nunc
420 877 496 941 ager
514 852 669 918 Umbreni
688 851 747 918 sub
764 852 905 930 nomine,
923 874 1027 937 nuper
1046 850 1152 919 Ofelli

319 951 435 1026 dictus,
455 948 513 1012 crit
530 947 607 1011 nulli
623 947 782 1033 proprius,
801 946 858 1011 sed
876 946 967 1010 cedet
984 946 1019 1010 in
1038 969 1138 1012 usum

254 1065 301 1113 135
319 1065 417 1120 nunc,
436 1042 512 1106 mihi
530 1063 613 1105 nunc
630 1042 693 1106 alii.
711 1041 858 1124 quocirca
874 1040 971 1106 vivite
990 1040 1109 1120 fortes,

319 1138 473 1219 fortiaque
490 1135 631 1200 adversis
650 1135 797 1221 opponite
814 1143 942 1221 pectora
957 1134 1092 1201 rebus.“

698 1380 879 1440 SATIRA
900 1379 963 1439 III.

320 1512 375 1579 Sic
392 1535 462 1577 raro
481 1512 606 1590 scribis,
626 1520 660 1576 ut
677 1521 743 1577 toto
760 1534 823 1576 non
841 1523 950 1596 quater
967 1535 1053 1577 anno

318 1606 532 1671 membranam
549 1629 677 1693 poscas,
697 1606 883 1691 scriptorum
899 1628 1045 1690 quaeque
1064 1616 1231 1686 retexens,

318 1701 415 1765 iratus
434 1702 503 1778 tibi,
522 1702 608 1785 quod
624 1701 690 1765 vini
708 1701 872 1784 somnique
889 1699 1048 1786 benignus

317 1795 361 1858 nil
379 1795 510 1881 dignum
528 1817 672 1861 sermone
690 1817 794 1859 canas.
813 1794 889 1878 quid
906 1793 977 1858 fiet?
995 1793 1037 1859 ab
1055 1794 1140 1881 ipsis

286 1911 302 1957 5
322 1888 542 1955 Saturnalibus
560 1888 623 1953 huc
640 1888 765 1975 fugistil
785 1889 908 1953 sobrius
927 1911 1003 1974 ergo

319 1984 370 2047 dic
388 1983 505 2067 aliquid
523 1984 654 2069 dignum
671 1982 850 2070 promissisl
869 1982 985 2068 incipel
1006 1983 1052 2046 nil
1070 1994 1133 2049 est.

319 2078 485 2163 culpantur
501 2079 619 2142 frustra
636 2078 758 2156 calami,
776 2078 1011 2160 immeritusque
1034 2076 1163 2143 laborat

317 2171 403 2235 iratis
422 2181 514 2235 natus
532 2171 636 2258 paries
654 2172 703 2236 dis
721 2181 815 2255 atque
832 2171 943 2257 poetis.

318 2267 404 2350 atqui
421 2266 527 2331 vultus
545 2277 612 2331 erat
628 2268 727 2332 multa
743 2276 775 2331 et
791 2267 951 2353 praeclara
967 2266 1132 2345 minantis,

270 2381 301 2428 10
319 2361 346 2425 si
363 2383 498 2424 vacuum
516 2360 622 2445 tepido
641 2361 776 2445 cepisset
792 2360 900 2425 villula
917 2370 1008 2425 tecto.

318 2477 468 2537 quorsum
485 2455 634 2541 pertinuit
652 2455 767 2539 stipare
783 2454 917 2519 Platona
934 2454 1132 2533 Menandre,

317 2548 471 2633 Eupolin,
490 2546 730 2626 Archilochum,
749 2549 878 2613 comites
897 2549 1028 2613 educere
1048 2551 1177 2615 tantos?

318 2642 468 2705 invidiam
485 2642 610 2727 placare
627 2664 720 2727 paras
738 2642 852 2706 virtute
869 2641 995 2706 relicta?

319 2745 531 2811 contemnere,
551 2734 659 2799 miser!
677 2735 805 2801 uitanda
823 2746 872 2800 est
888 2736 1031 2821 improba
1051 2734 1149 2801 Siren

270 2852 301 2898 15
320 2829 453 2906 desidia,
473 2841 527 2893 aut
545 2830 698 2913 quidquid
715 2830 781 2894 vila
792 2831 925 2897 meliore
940 2831 1062 2916 parasti

318 2924 499 3010 ponendum
516 2945 617 3006 aequo
635 2923 748 2988 animo.
768 2963 810 2971 —
828 2925 860 2989 di
877 2934 917 3002 te,
936 2924 1151 3010 Damasippe,
1171 2926 1308 3010 deaeque

319 3040 429 3081 verum
447 3016 488 3081 ob
507 3018 671 3082 consilium
689 3019 806 3083 donent
823 3018 961 3084 tonsorel
981 3019 1038 3083 sed
1055 3020 1142 3083 unde

319 3122 383 3176 tam
402 3112 481 3175 bene
499 3134 549 3175 me
567 3112 669 3176 nosti?
686 3152 727 3159 —
745 3123 912 3197 postquam
930 3113 1030 3177 omnis
1048 3135 1099 3179 res
1118 3137 1194 3179 mea
1210 3114 1319 3178 Ianum

318 3207 359 3270 ad
376 3206 514 3269 medium
532 3204 632 3270 fracta
650 3216 712 3284 est,
731 3207 832 3273 aliena
849 3207 975 3294 negotia
993 3229 1082 3284 cure,

266 3321 299 3369 ao
318 3323 470 3365 excussus
488 3301 632 3385 propriis.
652 3300 726 3365 olim
744 3325 819 3365 nam
837 3323 984 3385 quaerere
1002 3302 1166 3380 amabam,

316 3418 380 3478 quo
399 3395 487 3459 vafer
504 3395 556 3459 ille
574 3395 671 3480 pedes
690 3397 819 3461 lavisset
838 3395 994 3482 Sisyphus
1013 3418 1099 3473 aere,

316 3489 393 3570 quid
411 3488 569 3573 sculptum
586 3490 722 3567 infabre,
742 3491 818 3573 quid
835 3491 942 3556 fusum
961 3490 1068 3555 durius
1087 3500 1183 3555 esset.

318 3582 449 3646 callidus
467 3582 541 3647 huic
560 3584 650 3669 signo
667 3584 825 3670 ponebam
843 3584 940 3649 millia
958 3594 1098 3661 centum,

318 3675 424 3739 hortos
444 3676 650 3762 egregiasque
669 3678 778 3743 domos
796 3678 962 3743 mercarier
979 3701 1060 3742 unus

265 3791 298 3838 25
316 3793 389 3834 cum
406 3769 493 3835 luero
510 3794 633 3850 noram3
652 3774 735 3837 unde
753 3772 928 3856 frequentia
945 3772 1134 3837 Mercuriale

316 3865 491 3952 imposuere
509 3866 586 3930 mihi
604 3890 780 3953 cognomen
797 3867 941 3953 compita.
960 3906 1002 3914 —
1019 3867 1108 3944 novi,

316 3970 347 4024 et
364 3960 459 4025 miror
475 3960 577 4025 morbi
594 3971 762 4048 purgatum
780 3971 811 4026 te
829 3962 922 4026 illius.
941 4000 981 4008 -
1001 3962 1086 4045 atqui

316 4056 432 4120 emovit
449 4066 586 4121 veterem
603 4058 680 4122 mire
698 4080 798 4121 novus
804 4082 814 4135 3
833 4066 867 4121 ut
885 4057 974 4134 solet,
992 4056 1025 4121 in
1043 4079 1096 4121 cor

317 4150 445 4214 traiecto
463 4150 568 4215 lateris
586 4151 693 4216 miseri
711 4152 862 4236 capitisve
880 4150 1000 4228 dolore,

265 4260 298 4307 so
315 4253 350 4306 ut
366 4244 556 4329 lethargicus
574 4244 626 4309 hic
643 4269 740 4330 quum
757 4246 792 4310 fit
809 4245 899 4331 pugil
917 4254 948 4309 et
965 4245 1123 4309 medicum
1141 4253 1241 4330 urget.
1259 4280 1302 4290 -

316 4336 391 4399 dum
408 4360 448 4401 ne
467 4338 542 4421 quid
561 4338 662 4404 simile
679 4339 762 4416 huic,
782 4349 850 4404 esto
868 4338 1004 4403 utlibet.
1025 4378 1065 4385 -
1085 4361 1104 4403 o
1123 4337 1219 4416 bone,
1238 4358 1279 4401 ne
1298 4347 1327 4401 te

316 4428 477 4495 frustrare:
496 4431 614 4497 insanis
634 4443 671 4498 et·
682 4443 716 4497 tu
735 4434 883 4518 stultique
900 4456 998 4519 prope
1016 4456 1140 4510 omnes,
