3225 5442
363 698 423 762 138
694 707 727 771 Q.
742 702 905 760 HORATII
918 703 1056 758 Pulcer

360 867 516 943 Messius,
538 864 717 949 „accipio;“
738 871 832 946 caput
850 869 881 925 et
898 871 1013 925 movet.
1035 884 1086 939 „o‚
1107 871 1164 926 tua
1182 885 1281 927 cornu

360 965 393 1027 ni
411 963 491 1027 foret
509 969 635 1023 exsecto
653 958 740 1021 frons
746 960 775 1033 ‚“
795 955 908 1037 inquit,
930 955 1025 1037 „quid
1043 956 1182 1035 faceres,
1202 980 1299 1041 quum

311 1081 343 1128 60
362 1058 407 1122 sio
424 1054 553 1119 mutilus
571 1050 766 1115 minitaris?“
787 1058 819 1113 at
837 1049 881 1111 illi
899 1048 994 1112 foeda
1011 1049 1143 1114 cicatrix

362 1160 498 1215 setosam
516 1146 597 1211 laevi
614 1146 749 1209 frontem
767 1152 947 1227 turpaverat
964 1142 1036 1207 oris.

363 1243 560 1327 Campanum
577 1241 610 1303 in
628 1238 785 1313 morbum,
804 1238 837 1299 in
855 1236 969 1300 faciem
986 1239 1145 1320 permulta
1161 1238 1296 1316 iocatus,

360 1348 517 1422 pastorem
536 1334 662 1398 saltaret
678 1332 725 1395 uti
744 1329 899 1415 Cyclopa,
918 1330 1048 1416 rogabat
1054 1356 1062 1408 3

362 1433 405 1495 nil
422 1431 467 1495 illi
484 1430 571 1492 larva
588 1436 643 1491 aut
660 1426 786 1510 tragicis
805 1447 884 1508 opus
904 1447 973 1488 esse
992 1425 1165 1489 cothurnis.

311 1549 342 1595 65
361 1526 460 1589 multa
479 1521 617 1587 Cicirrus
637 1520 786 1584 adhaec:
806 1519 955 1582 donasset
971 1519 1075 1582 iamne
1093 1528 1243 1583 catenam

361 1644 401 1685 cx
418 1629 492 1682 voto
510 1616 661 1692 Laribus,
681 1612 850 1698 quaerebat
856 1638 864 1690 ;
884 1612 986 1676 scriba
1004 1613 1089 1695 quod
1106 1624 1205 1691 esset,

361 1714 457 1777 nihilo
476 1710 611 1775 deterius
630 1708 774 1772 dominae
792 1707 842 1771 ius
861 1729 941 1770 esse.
960 1706 1091 1792 rogabat

361 1808 509 1889 denique,
529 1827 584 1868 cur
602 1825 740 1886 uuquam
758 1802 907 1886 fugisset,
927 1802 978 1865 cui
997 1801 1073 1865 satis
1091 1824 1157 1866 una

361 1901 452 1965 farris
470 1899 550 1963 libra
567 1897 661 1973 foret,
680 1896 789 1981 gracili
807 1896 852 1959 sic
871 1905 996 1977 tamque
1014 1894 1150 1979 pusillo?

313 2018 344 2064 70
362 2018 490 2081 prorsus
508 1992 643 2056 iucunde
661 2013 791 2055 coenam
809 1990 1014 2074 produximus
1032 1989 1128 2061 illam.
1338 2056 1343 2069 ,

362 2090 518 2153 tendimus
536 2087 609 2151 hinc
626 2095 711 2149 recta
728 2084 960 2160 Beneventum,
979 2083 1034 2147 ubi
1052 2084 1183 2149 sedulus
1202 2084 1320 2171 hospes

361 2204 460 2268 paene
478 2203 599 2245 macros
619 2179 695 2243 arsit
712 2178 787 2241 dum
805 2178 914 2241 turdos
935 2186 1037 2242 versat
1053 2177 1087 2240 in
1104 2177 1188 2263 igni:

362 2301 435 2341 nam
453 2299 535 2361 vaga
552 2296 608 2358 per
626 2283 764 2336 veterem
782 2272 904 2356 dilapso
922 2272 1048 2335 flamma
1065 2271 1204 2335 culinam

362 2370 506 2435 Vulcano
525 2391 682 2433 summum
700 2366 888 2452 properabat
904 2366 1042 2431 lambere
1061 2375 1191 2431 tectum.

315 2486 344 2532 75
364 2466 510 2529 convivas
529 2463 638 2526 avidos
657 2484 786 2525 coenam
806 2482 976 2544 servosque
993 2460 1138 2524 timentes

363 2570 430 2623 tum
447 2580 555 2643 rapere
574 2566 666 2639 atque
685 2578 793 2620 omnes
811 2556 1005 2641 restinguere
1023 2556 1103 2619 velle
1121 2558 1258 2621 videres.

363 2653 471 2736 incipit
489 2674 528 2714 cx
545 2651 598 2714 illo
616 2660 738 2713 montes
756 2648 876 2734 Apulia
893 2658 985 2713 notos

364 2755 519 2810 ostentare
537 2744 627 2820 mihi,
647 2766 726 2826 quos
745 2752 841 2807 torret
858 2741 1018 2807 Atabulus
1036 2751 1068 2806 et
1084 2765 1166 2825 quos
1206 2822 1211 2827 Δ

363 2861 523 2921 nunquam
542 2861 736 2923 erepsemus‚
755 2837 816 2900 nisi
833 2860 890 2901 nos
910 2837 1012 2901 vicina
1029 2837 1148 2901 Trivici

313 2956 345 3003 80
363 2934 437 2997 villa
454 2932 821 3017 1·ecepissct,·lacrimoso
838 2954 902 2995 non
921 2931 987 2994 sine
1005 2931 1103 3008 fumo,

364 3029 442 3091 udos
461 3049 533 3091 oum
550 3026 633 3090 foliis
651 3049 755 3090 ramos
773 3035 881 3089 urente
900 3027 1031 3090 camino.

363 3123 414 3186 hic
433 3144 492 3206 ego
510 3121 693 3184 mendacem
711 3121 913 3185 stultissimus
932 3143 1032 3203 usque
1049 3120 1188 3205 puellam

364 3217 405 3280 ad
422 3216 557 3279 mediam
575 3225 700 3278 noctem
718 3225 880 3300 exspect03
900 3238 1028 3279 somnus
1047 3225 1153 3279 tamen
1171 3215 1276 3280 aufert

364 3312 518 3374 intentum
536 3309 652 3373 Veneri
658 3334 666 3386 ;
686 3319 752 3372 tum
770 3310 932 3373 immundo
952 3310 1073 3374 somnia
1092 3310 1163 3373 visu

312 3424 345 3473 85
363 3415 547 3468 nocturnam
564 3413 683 3467 vestem
702 3403 860 3468 maculant
877 3413 1079 3487 ventremque
1098 3404 1257 3488 supinum.

364 3508 510 3580 quattuor
527 3498 599 3560 hine
618 3498 756 3581 rapimur
773 3498 884 3583 viginti
903 3508 933 3562 et
951 3498 1048 3561 millia
1064 3498 1182 3576 rhedis,

364 3592 502 3655 mansuri
520 3592 682 3676 oppidulo,
703 3592 787 3675 quod
804 3615 899 3655 versu
917 3593 1020 3656 dicere
1038 3616 1102 3657 non
1120 3602 1177 3669 est,

364 3686 462 3771 signis
480 3685 628 3769 perfacile
647 3695 707 3750 est:
726 3687 811 3750 venit
829 3687 980 3751 vilissima
997 3709 1101 3751 rerum

365 3780 415 3843 hic
433 3802 528 3861 aqua3
548 3781 603 3852 scd
621 3780 711 3864 panis
729 3780 823 3865 longe
841 3780 1083 3865 pulcherrimus,
1102 3780 1184 3844 ultra

314 3894 346 3941 90
365 3873 495 3936 callidus
514 3883 548 3936 ut
567 3873 665 3937 soleat
682 3872 820 3937 humeris
839 3884 963 3959 portare
982 3875 1096 3937 viator:

363 3991 436 4030 nam
456 3966 576 4030 Canusi
593 3968 770 4051 lapidosus3
790 3989 890 4049 aquae
908 3990 971 4031 non
990 3967 1083 4031 ditior
1101 3990 1179 4030 urna

364 4061 418 4144 qui
434 4060 522 4125 locus
541 4085 560 4124 a
579 4061 651 4124 forti
668 4060 825 4124 Diomede
844 4072 892 4125 est
910 4061 1052 4124 conditus
1072 4060 1154 4124 olim.

364 4155 509 4217 flentibus
527 4155 578 4217 hio
596 4153 711 4219 Varius
731 4154 863 4217 discedit
881 4165 1018 4219 maestus
1037 4155 1155 4219 amicis,

363 4249 436 4311 inde
454 4247 564 4311 Rubos
583 4247 659 4311 fessi
677 4249 891 4332 pervenimus,
910 4258 1017 4333 utpote
1035 4249 1165 4333 longum

314 4362 345 4408 95
364 4350 525 4424 carpentes
544 4342 603 4404 iter
620 4350 651 4404 et
668 4342 787 4405 factum
806 4342 980 4426 corruptius
998 4342 1099 4406 imbri.

364 4444 488 4517 postera
506 4443 675 4518 tempestas
694 4436 817 4513 melior,
837 4435 888 4499 via
905 4436 993 4521 peior
1010 4437 1051 4501 ad
1068 4457 1168 4518 usque
