3225 5442
530 809 753 869 SATIRARUM
769 811 844 866 LIB.
858 812 896 867 11.

179 959 239 1040 ¹ne
256 972 373 1039 biberis
392 971 499 1035 diluta.
518 970 596 1034 foris
615 978 663 1034 est
679 992 823 1054 promus,
842 978 874 1033 et
891 979 992 1033 atrum

198 1068 372 1133 defendens
390 1066 494 1152 pisces
512 1065 630 1128 hiemat
647 1086 746 1142 mare3
765 1087 837 1128 oum
857 1063 921 1127 sale
939 1063 1030 1148 panis

197 1162 364 1227 latrantem
383 1159 579 1224 stomachum
597 1156 677 1232 bene
693 1157 798 1221 leniet.
817 1157 901 1221 unde
918 1167 1010 1243 putas
1029 1167 1083 1222 aut

163 1261 167 1268 '
197 1256 255 1341 qui
272 1253 416 1341 partum?
433 1275 497 1316 non
513 1252 552 1315 in·
563 1274 636 1316 caro
652 1251 760 1316 nidore
778 1250 924 1336 voluptas

200 1372 339 1426 summa,
359 1348 415 1413 sed
432 1348 466 1411 in
483 1357 514 1411 te
532 1347 602 1431 ipso
620 1355 677 1410 est.
697 1355 732 1409 tu
748 1346 957 1431 pulmentaria
975 1367 1089 1429 quaere

199 1442 357 1509 sudando:
375 1441 526 1527 pinguem
543 1439 627 1505 vitiis
645 1439 815 1522 albumque
833 1461 934 1522 neque
953 1448 1056 1504 ostrea

197 1559 259 1603 nec
276 1559 383 1601 scarus
402 1545 456 1599 aut
472 1535 586 1620 poterit
602 1535 767 1620 peregrina
784 1534 892 1599 iuvare
909 1533 1020 1619 lagois.

197 1632 256 1695 vix
273 1640 377 1694 tamen
395 1629 539 1714 eripiam,
558 1628 661 1713 posito
679 1650 817 1714 pavone,
835 1627 914 1693 velis
933 1628 1009 1711 quin

198 1726 261 1790 hoe
277 1724 382 1810 potius
399 1746 494 1806 quam
512 1722 630 1809 gallina
647 1733 769 1808 tergere
786 1722 940 1807 palatum,

200 1828 364 1905 corruptus
382 1818 472 1883 vanis
490 1840 608 1893 rerum,
627 1816 702 1900 quia
718 1827 831 1880 veneat
849 1839 925 1881 auro

199 1936 272 1980 rara
288 1911 355 1976 avis
374 1922 405 1976 et
421 1911 506 1996 pieta
523 1912 641 1996 pandat
659 1911 838 1995 spectacula
855 1911 970 1975 cauda:

200 2016 363 2088 tamquam
381 2006 506 2070 adrem
523 2005 653 2072 attineat
670 2004 851 2088 quidquam.
870 2027 946 2067 num
963 2004 1101 2069 vesceris
1118 2004 1194 2083 ista,

200 2122 297 2184 quam
315 2099 440 2177 laudas,
458 2098 585 2184 pluma?
603 2108 691 2162 cocto
710 2122 785 2162 num
804 2099 894 2163 adest
910 2099 1011 2162 honor
1028 2098 1131 2162 idem?

201 2215 295 2258 earne
312 2203 431 2271 tamen,
450 2192 594 2276 quamvis
613 2192 708 2257 distat
725 2192 816 2270 nihil,
835 2192 894 2257 hac
912 2192 1014 2279 magis
1032 2192 1095 2256 illa.

200 2287 374 2373 imparibus
392 2287 502 2353 formis
520 2287 686 2372 deceptum
705 2296 735 2351 te
753 2297 848 2372 patet.
872 2297 954 2352 esto:

200 2383 285 2446 unde
303 2382 412 2445 datum
431 2380 541 2458 sentis,
559 2382 653 2465 lupus
671 2381 722 2445 hic
741 2381 909 2446 Tiberinus
928 2401 968 2445 an
986 2381 1049 2446 alto

201 2485 312 2561 captus
329 2474 414 2539 hiet?
430 2484 582 2560 pontcsne
600 2476 681 2539 inter
697 2475 830 2539 iactatus
849 2499 890 2539 an
908 2476 1009 2540 amnis

201 2570 284 2635 ostia
301 2568 360 2633 sub
379 2569 495 2633 Tusci?
511 2568 637 2645 laudas,
655 2569 780 2647 insane,
799 2569 950 2634 trilibrem
1189 2633 1190 2636 ,

200 2663 348 2741 mullum,
366 2663 399 2726 in
417 2662 541 2749 singula
558 2684 652 2746 quem
669 2663 792 2728 minuas
810 2663 972 2748 pulmenta
989 2686 1118 2729 necesse
1136 2674 1194 2729 est.

202 2758 289 2821 ducit
306 2767 336 2821 te
355 2756 491 2842 species,
510 2756 602 2820 video
608 2781 617 2835 3
635 2779 698 2840 quo
715 2758 850 2842 pertinet
867 2781 943 2843 ergo

200 2873 347 2937 proceros
365 2851 470 2916 odisse
487 2850 598 2935 lupos?
615 2850 689 2934 quia
707 2851 825 2916 scilicet
842 2852 903 2916 illis

201 2946 352 3010 maiorem
370 2953 481 3009 natura
498 2944 627 3008 modum
645 2945 740 3022 dedit,
759 2946 809 3010 his
827 2945 922 3010 breve
940 2946 1074 3032 pondus.

201 3041 325 3105 ieiunus
341 3062 413 3103 raro
431 3038 612 3103 stomachus
630 3039 772 3125 vulgaria
790 3042 909 3105 temnit.

202 3143 380 3220 porrectum
398 3154 513 3217 magno
531 3155 682 3218 magnum
700 3144 841 3218 spectare
860 3134 962 3199 catino
1045 3162 1047 3165 ’

201 3226 330 3304 vellem,
349 3226 405 3290 ait:
424 3226 576 3311 Harpyiis
594 3227 670 3312 gula
687 3228 783 3313 digna
800 3227 977 3313 rapacibus.
996 3237 1029 3291 at
1045 3250 1103 3291 vos

200 3330 397 3406 praesentes,
415 3318 541 3397 Austri,
561 3321 684 3403 coquite
702 3322 814 3386 horum
833 3322 972 3387 obsonia.
992 3344 1181 3405 quamquam

202 3423 290 3500 putet
307 3437 382 3499 aper
398 3413 611 3497 rhombusque
628 3436 748 3493 recens,
767 3417 850 3480 mala
868 3416 958 3499 copia
976 3416 1101 3499 quando

202 3531 333 3593 aegrum
352 3507 498 3571 sollicitat
515 3508 726 3586 stomachum,
746 3532 844 3592 quum
861 3510 971 3594 rapula
988 3509 1100 3593 plenus

203 3612 297 3685 atque
315 3602 421 3666 acidas
440 3602 560 3666 mavult
577 3601 689 3666 inulas.
707 3602 843 3667 necdum
861 3603 962 3668 omnis
981 3603 1093 3667 abacta

201 3696 367 3781 pauperies
385 3696 486 3780 epulis
504 3717 630 3781 regum3
648 3720 722 3760 nam
740 3697 855 3763 vilibus
874 3698 942 3762 ovis

201 3790 363 3874 nigrisque
381 3799 430 3855 est
447 3790 525 3854 oleis
543 3790 637 3854 hodie
654 3790 753 3855 locus.
772 3792 858 3856 haud
875 3793 919 3856 ita
935 3792 1056 3877 pridem

203 3880 331 3947 Gallam
347 3884 510 3969 praeconis
530 3894 598 3948 erat
613 3885 793 3970 acipensere
811 3910 922 3953 mensa

200 3976 327 4041 infamis
332 4002 342 4069 ς
360 3979 455 4062 quid?
473 3989 540 4043 tum
557 3979 705 4045 rhombos
723 3981 828 4045 minus
847 4004 983 4065 aequora
1001 3982 1145 4047 alebant?

201 4080 288 4137 tutus
305 4081 373 4137 erat
388 4072 554 4151 rhombus,
573 4083 702 4158 tutoque
720 4075 845 4140 ciconia
857 4076 947 4152 nida,

200 4166 301 4230 donec
318 4188 376 4231 vos
394 4177 503 4232 auctor
521 4168 627 4232 docuit
643 4169 827 4254 praetorius.
845 4192 922 4255 ergo

201 4259 230 4324 si
247 4259 317 4343 quis
335 4283 419 4326 nunc
436 4264 562 4348 mergos
581 4285 695 4327 suaves
714 4262 846 4327 edixerit
863 4285 962 4340 assos,

199 4351 324 4438 parebit
340 4355 430 4440 pravi
448 4356 558 4421 docilis
576 4356 721 4422 Romana
737 4358 894 4421 iuventus.

201 4447 346 4513 sordidus
364 4472 384 4513 a
400 4450 488 4514 tenui
504 4451 590 4515 victu
608 4451 751 4531 distabit,
771 4450 880 4518 Ofello

200 4540 304 4607 iudice
309 4566 319 4621 3
337 4565 412 4607 nam
429 4542 547 4610 frustra
564 4544 675 4628 vitium
692 4546 840 4613 vitaveris
859 4546 950 4626 illud,
