3225 5442
514 725 787 785 EPISTOLARUM
804 728 879 783 LIB.
894 730 916 784 Ι.

195 889 269 953 vina
286 886 352 952 fere
370 884 477 951 dulces
496 885 639 949 oluerunt
656 907 748 949 mane
768 884 936 949 Camenae.

194 981 340 1046 laudibus
359 979 499 1065 arguitur
517 978 581 1041 vini
598 979 727 1042 vinosus
745 978 920 1056 Homerus3

194 1074 318 1139 Ennius
337 1075 405 1158 ipse
422 1081 510 1157 pater
528 1094 688 1155 nunquam
705 1073 766 1136 nisi
783 1083 877 1156 potus
896 1073 937 1136 ad
955 1096 1043 1137 arma

194 1168 337 1254 prosiluit
354 1167 495 1231 dicenda.
522 1164 644 1242 „forum
661 1165 836 1249 Putealque
853 1166 988 1231 Libonis

194 1261 351 1326 mandabo
369 1260 475 1335 siccis,
494 1259 629 1324 adimam
649 1270 773 1323 cantare
791 1260 944 1324 severis:“

193 1355 255 1420 hoe
273 1355 366 1419 simul
384 1354 494 1430 edixit,
512 1376 576 1417 non
594 1375 757 1417 cessavere
774 1363 886 1437 poetae

193 1460 347 1514 nocturno
366 1459 483 1519 certare
501 1470 602 1523 mero,
621 1457 730 1531 putere
749 1447 870 1511 diurno.

193 1543 290 1626 qnid?
307 1533 336 1607 si
352 1541 422 1625 quis
440 1541 529 1604 vultu
547 1550 635 1605 torvo
653 1541 739 1605 serus
758 1551 788 1604 et
805 1541 886 1626 pede
904 1541 989 1605 nudo

193 1637 391 1721 exiguaeque
409 1645 501 1721 togae
520 1634 645 1699 simulet
663 1643 782 1698 textore
801 1634 966 1710 Catonem,

193 1730 382 1794 virtutemne
399 1737 611 1813 repraesentet
628 1750 793 1810 moresque
813 1727 964 1792 Catonis?

192 1824 279 1908 rupit
297 1823 446 1887 Iarbitam
465 1821 647 1907 Timagenis
666 1822 789 1885 aemula
808 1843 914 1897 coena,

194 1918 271 1980 dum
290 1917 393 1980 studet
411 1916 549 1980 urbanus
569 1915 727 1998 tenditque
745 1915 880 1979 disertus
899 1914 1017 1980 haberi.

193 2010 310 2095 decipit
328 2010 487 2095 exemplar
504 2008 587 2073 vitiis
605 2008 769 2073 imitabile:
788 2008 901 2092 quodsi

192 2103 343 2188 pallerem
362 2125 451 2181 easu,
470 2102 612 2167 biberent
631 2124 791 2187 exsangue
809 2101 978 2166 cuminum.

193 2222 214 2263 o
233 2198 418 2275 imitatores,
438 2219 563 2261 servum
581 2218 693 2281 pecus,
711 2208 747 2259 ut
765 2196 842 2259 mihi
860 2218 954 2280 saepe

194 2293 305 2369 bilem,
325 2314 418 2377 saepe
435 2292 554 2368 iocum,
574 2291 669 2354 vestri
686 2312 812 2355 movere
831 2290 997 2354 tumultusl

194 2386 294 2451 libera
310 2408 366 2470 per
384 2407 518 2449 vacuum
535 2384 628 2469 posui
645 2383 779 2469 vestigia
795 2384 951 2469 princeps,

194 2502 260 2544 non
278 2480 378 2543 aliena
395 2501 465 2543 meo
483 2478 585 2563 pressi
601 2478 692 2563 pede.
716 2478 770 2561 qui
788 2478 848 2542 sibi
866 2478 950 2555 fidet,

194 2576 262 2638 dux
278 2585 367 2659 reget
384 2595 527 2637 examen.
551 2572 661 2637 Parios
680 2596 740 2659 ego
757 2573 876 2658 primns
895 2573 1016 2638 iambos

194 2670 319 2733 ostendi
335 2668 444 2744 Latio,
463 2689 610 2731 numeros
629 2667 814 2751 animosque
833 2677 985 2750 sequutus

193 2760 389 2838 Archilochi,
408 2783 471 2823 non
488 2782 538 2824 res
557 2769 588 2823 et
605 2760 731 2846 agentia
747 2760 845 2826 verba
862 2761 1057 2847 Lycamben.

195 2876 234 2919 ao
251 2876 290 2916 ne
308 2875 359 2918 me
377 2852 460 2917 foliis
478 2853 549 2917 ideo
567 2853 761 2918 brevioribus
779 2877 882 2931 ornes,

195 2948 281 3031 quod
299 2947 389 3010 timui
405 2957 526 3010 mutare
544 2948 654 3011 modos
673 2957 704 3012 et
721 2947 867 3012 carminis
886 2959 984 3012 artem
990 2973 999 3025 ;

194 3050 348 3125 temperat
365 3040 548 3104 Archilochi
564 3040 693 3105 Musam
710 3042 790 3126 pede
809 3041 949 3105 mascula
969 3040 1109 3125 Sappho,

194 3144 349 3219 temperat
366 3135 519 3212 Alcaeus,
539 3136 596 3199 sed
611 3134 706 3199 rebus
725 3147 755 3199 et
773 3134 881 3199 ordine
900 3136 1015 3219 dispar,

194 3250 255 3293 nee
274 3250 417 3292 socerum
434 3228 555 3310 quaerit
572 3250 667 3312 quem
684 3229 826 3293 versibus
845 3228 963 3293 oblinat
981 3227 1065 3304 atris,

194 3343 255 3386 nec
274 3343 407 3407 sponsae
424 3321 571 3406 laqueum
590 3324 712 3388 famoso
731 3323 867 3387 carmine
885 3322 989 3386 nectit.

195 3415 281 3479 huno
299 3438 373 3501 ego,
393 3438 456 3480 non
474 3417 535 3481 alio
553 3417 671 3481 dictum
688 3418 774 3502 prius
794 3440 861 3493 ore,
880 3417 1016 3481 Latinus

195 3509 325 3595 vulgavi
342 3509 470 3587 fidicen3
488 3512 576 3575 iuvat
592 3512 808 3575 immemorata
826 3511 978 3575 ferentem

196 3603 342 3689 ingenuis
362 3603 522 3687 oculisque
539 3605 603 3690 legi
621 3605 828 3688 manibusque
846 3606 953 3669 teneri.

197 3699 277 3763 seire
294 3698 387 3775 velis,
407 3721 477 3762 mea
495 3722 550 3763 cur
567 3700 707 3785 ingratus
726 3700 878 3785 opuscula
895 3700 993 3763 lcetor

195 3793 304 3857 laudet
320 3802 464 3876 ametque
483 3793 581 3870 domi3
599 3803 721 3878 premat
738 3805 826 3858 extra
843 3794 938 3858 limen
955 3794 1100 3877 iniquus?

195 3909 260 3951 non
279 3909 338 3973 ego
356 3899 504 3951 ventosae
521 3887 623 3973 plebis
642 3888 793 3974 suffragia
811 3912 907 3954 venor

196 3980 348 4065 impensis
367 4002 533 4043 coenarum
552 3989 582 4044 et
601 3981 690 4045 tritae
707 4004 836 4045 munere
855 3982 966 4058 vestis3

196 4096 261 4137 non
280 4096 354 4160 ego,
373 4072 524 4137 nobilium
543 4075 729 4159 scriptorum
747 4075 871 4140 auditor
888 4085 919 4138 et
935 4074 1025 4149 ultor,

196 4166 419 4253 grammaticas
439 4167 556 4231 ambire
575 4168 674 4232 tribus
693 4179 724 4233 et
740 4168 862 4254 pulpita
879 4167 999 4253 dignor.

197 4261 272 4325 hine
289 4260 361 4324 illae
378 4260 534 4325 lacrimae.
559 4261 690 4348 „spissis
708 4263 838 4348 indigna
855 4261 983 4326 theatris

198 4355 316 4440 scripta
332 4355 429 4439 pudet
446 4355 576 4420 recitare
594 4367 626 4420 et
642 4357 735 4443 nugis
754 4357 869 4421 addere
886 4356 1009 4441 pondus
1017 4358 1033 4389 “

199 4451 227 4515 si
244 4450 325 4529 dixi,
343 4450 442 4528 rides,
462 4451 518 4530 ait,
538 4462 568 4516 et
586 4452 673 4517 Iovis
691 4451 819 4518 auribus
837 4452 898 4515 istu

1160 715 1224 781 205

1243 910 1257 954 ὁ
