3225 5442
312 690 376 756 222
647 691 1012 759 ouounrrrnnnccr

312 880 406 943 quem
424 875 520 941 pones
539 850 700 916 arbitrium
718 859 767 914 est
784 859 815 913 et
832 849 881 913 ius
900 860 933 913 et
948 872 1061 914 norma
1078 850 1233 933 loquendi.

355 974 405 1017 res
423 958 531 1036 gestae
548 966 720 1031 regumque
739 944 916 1026 ducumque
934 954 965 1007 et
984 943 1086 1008 tristia
1103 942 1187 1008 bella

313 1068 375 1131 quo
395 1042 489 1108 scribi
505 1048 635 1125 possent
651 1059 796 1114 numero,
816 1037 1001 1103 monstravit
1018 1037 1193 1102 Homerus.

264 1164 295 1209 75
313 1136 455 1202 versibus
473 1133 631 1218 impariter
648 1131 761 1195 iunctis
779 1130 972 1213 querimonia
989 1132 1138 1215 primum,

313 1242 385 1318 post
403 1230 496 1295 etiam
513 1226 634 1292 inclusa
651 1234 700 1295 est
717 1224 782 1289 voti
799 1225 954 1289 sententia
971 1247 1112 1309 compos.

314 1326 384 1409 quis
403 1334 507 1387 tamen
525 1322 657 1407 exiguos
675 1320 781 1405 elegos
800 1319 938 1383 emiserit
955 1329 1073 1397 auctor,

224 1415 228 1422 ’
314 1417 508 1504 grammatici
527 1423 645 1479 certant
663 1422 694 1479 et
711 1413 816 1477 adhuc
834 1412 893 1478 sub
911 1412 1012 1477 iudice
1030 1412 1070 1478 lis
1090 1423 1148 1478 est.

315 1511 539 1577 Archilochum
557 1509 682 1596 proprio
699 1508 801 1573 rabies
820 1508 952 1572 armarit
968 1506 1086 1573 iambo.

263 1627 297 1674 80
314 1608 398 1671 hunc
416 1607 499 1672 socei
517 1627 627 1689 cepere
644 1604 759 1689 pedem
776 1603 974 1688 grandesque
993 1602 1148 1680 cothurni,

315 1694 441 1765 alternis
460 1716 568 1786 aptum
587 1695 796 1772 sermonibus,
816 1706 847 1761 et
863 1696 1030 1780 populares

315 1794 490 1857 vincentem
509 1790 655 1876 strepitus
674 1801 706 1855 et
722 1801 831 1854 natum
848 1789 942 1854 rebus
961 1789 1103 1875 agendis.

315 1886 413 1951 Musa
429 1887 515 1950 dedit
531 1884 646 1950 fidibus
665 1884 754 1950 divos
772 1905 949 1968 puerosque
966 1884 1098 1947 deorum

317 1991 349 2044 et
365 1980 505 2066 pugilem
522 1979 671 2043 victorem
690 1988 721 2041 et
739 1999 856 2059 equum
874 1977 1042 2042 certamine
1059 1976 1200 2061 primum

266 2092 300 2141 85
318 2083 349 2138 et
365 2074 513 2137 iuvenum
532 2094 622 2136 curas
641 2081 672 2135 et
689 2070 787 2135 libera
803 2071 877 2135 vina
894 2070 1018 2135 referre.

318 2167 489 2252 descriptas
513 2187 637 2229 servare
655 2163 741 2229 vices
758 2185 951 2248 operumque
969 2163 1088 2228 colores

319 2284 374 2325 cur
391 2279 451 2345 ego
470 2260 496 2323 si
513 2280 637 2341 nequeo
654 2258 826 2343 ignoroque
843 2267 937 2342 poeta
955 2256 1090 2323 solutor?

319 2376 374 2418 cur
391 2353 510 2418 nescire
528 2352 650 2437 pudens
667 2373 763 2435 prave
780 2373 876 2434 quam
893 2351 1013 2417 discere
1030 2352 1134 2416 malo?

318 2446 462 2511 versibus
480 2445 594 2530 exponi
612 2445 738 2531 tragicis
755 2466 806 2509 res
825 2444 944 2509 comica
961 2468 1023 2509 non
1042 2445 1118 2509 vult.

269 2559 302 2607 9ο
320 2540 498 2625 indignatur
514 2540 589 2604 item
607 2538 736 2624 privetis
754 2560 791 2602 ac
808 2560 905 2622 prope
924 2560 1017 2603 socco

320 2632 423 2719 dignis
441 2632 629 2697 carminibus
647 2633 766 2698 narrari
783 2654 881 2697 coena
898 2631 1066 2716 Thyestae.
1104 2632 1107 2639 '

320 2726 443 2812 singula
461 2748 602 2809 quaeque
620 2726 724 2790 locum
742 2735 867 2789 teneant
885 2726 993 2790 sortita
1010 2726 1187 2790 decentem.

320 2820 475 2883 interdum
494 2829 597 2882 tamen
615 2828 646 2883 et
664 2840 775 2882 vocem
793 2818 954 2882 comoedia
971 2817 1060 2895 tollit,

320 2913 478 2995 iratusque
498 2911 650 2975 Chremes
668 2912 787 2975 tumido
805 2911 945 2997 delitigat
963 2934 1015 2975 ore
1021 2936 1030 2988 ;

269 3025 301 3074 95
321 3018 351 3070 et
368 3007 505 3091 tragicus
522 3006 705 3090 plerumque
723 3005 807 3069 dolet
825 3027 967 3069 sermone
984 3005 1121 3090 pedestri

321 3099 480 3184 Telephus
499 3109 530 3162 et
549 3099 676 3174 Peleus,
696 3120 792 3181 quum
810 3121 929 3182 pauper
947 3108 977 3163 et
995 3098 1067 3163 exul
1085 3108 1220 3182 uterquc

321 3194 443 3278 proiicit
460 3192 613 3276 ampullas
632 3202 664 3256 et
682 3192 912 3276 sesquipedalia
929 3192 1035 3268 verba,

322 3289 349 3353 si
367 3297 453 3352 curat
471 3310 524 3351 cor
542 3286 711 3370 spectantis
729 3286 870 3372 tetigisse
888 3286 1022 3369 querela.

364 3404 428 3445 non
446 3380 521 3444 satis
540 3388 588 3443 est
604 3379 735 3464 pulchra
752 3401 822 3444 esse
840 3389 999 3463 poemata;
1018 3379 1121 3443 dulcia
1140 3391 1246 3456 sunto,

256 3498 304 3543 100
322 3487 366 3552 et,
385 3495 583 3557 quocumque
600 3473 719 3549 volent,
738 3474 876 3537 animum
895 3472 1043 3537 auditoris
1062 3482 1192 3558 agunto

323 3581 357 3633 ut
374 3565 546 3632 ridentibus
565 3566 714 3642 arrident,
732 3567 776 3630 ita
792 3566 938 3632 flentibus
957 3567 1071 3631 adsunt

322 3660 452 3726 humani
469 3659 588 3723 vultus:
608 3658 635 3723 si
651 3659 700 3723 tis
719 3681 769 3722 me
786 3660 874 3736 flere,
893 3660 1062 3723 dolendum
1079 3669 1128 3723 est

322 3755 459 3840 primum
476 3753 536 3837 ipsi
554 3753 624 3829 tibi;
643 3763 716 3816 tune
734 3762 788 3817 tua
806 3775 856 3817 me
873 3753 1043 3817 infortunia
1060 3752 1195 3829 laedent,

324 3846 463 3931 Telephe
481 3845 531 3909 vel
549 3845 662 3922 Peleu3
680 3845 761 3911 male
780 3847 806 3910 si
825 3847 972 3911 mandata
989 3845 1135 3929 loqueris,

258 3961 305 4009 105
324 3950 377 4005 aut
395 3938 568 4002 dormitabo
587 3948 640 4001 aut
657 3938 775 4003 ridebo.
799 3940 899 4004 tristia
916 3948 1071 4004 maestum

324 4034 446 4097 vultum
463 4031 559 4096 verba
577 4033 701 4108 decent3
719 4032 847 4109 iratum,
865 4033 958 4118 plena
975 4032 1144 4109 minarum3

324 4128 496 4201 ludentem,
514 4125 647 4202 lasciva3
666 4148 823 4202 severum,
843 4128 924 4192 seria
942 4128 1036 4191 dictu.

324 4219 437 4284 format
455 4219 537 4282 enirn
555 4227 667 4282 natura
682 4219 769 4302 prius
787 4242 845 4284 nos
864 4220 947 4285 intus
966 4221 1006 4284 ad
1024 4241 1151 4284 omnem

324 4313 518 4376 fortunarum
536 4311 691 4387 habitum3
709 4312 795 4376 iuvat
813 4322 867 4377 aut
884 4313 1014 4398 impellit
1032 4313 1072 4376 ad
1089 4312 1178 4388 iram,

259 4426 307 4471 110
325 4406 436 4469 autad
454 4405 584 4468 humum
602 4426 741 4469 maerore
759 4406 849 4491 gravi
867 4407 993 4472 deducit
1006 4415 1041 4470 ¹et
1058 4405 1146 4491 angit
1152 4430 1161 4482 ;
