3225 5442
523 690 749 776 sarmarum
765 719 840 774 Lm.
853 720 890 774 11.

191 880 313 965 siquid
332 877 499 944 Stertinius
518 876 584 941 veri
602 887 721 964 crepat3
739 876 823 941 unde
842 899 901 962 ego
919 877 997 941 mira

190 973 343 1060 descripsi
361 972 470 1037 docilis
488 981 656 1058 praecepta
673 971 760 1049 haec,
780 980 919 1055 tempore
937 993 999 1055 quo
1018 994 1068 1035 me

191 1070 309 1135 solatus
326 1068 419 1132 iussit
437 1066 609 1152 sapientem
626 1087 756 1151 pascere
774 1064 918 1141 barbam,
1237 1085 1270 1134 35

191 1173 285 1247 atque
303 1186 322 1226 a
338 1159 484 1226 Fabricio
502 1182 566 1225 non
584 1159 702 1224 tristem
721 1166 816 1243 ponte
834 1159 957 1222 reverti.

191 1281 281 1334 nam,
299 1255 381 1320 male
399 1276 433 1318 re
451 1262 551 1339 gesta,
570 1274 668 1337 quum
684 1253 798 1316 vellem
816 1252 937 1315 mittere
956 1261 1064 1337 operto

189 1373 243 1415 me
263 1351 364 1433 capite
381 1348 415 1412 in
432 1347 564 1425 flumen,
583 1347 692 1410 dexter
710 1346 794 1410 stetit
812 1355 844 1409 et
862 1344 950 1410 Cave
968 1346 1051 1410 faxis

191 1455 224 1509 te
242 1444 415 1528 quidquam
433 1441 611 1527 indignum:
630 1440 744 1525 pudor,
762 1440 877 1522 inquit,
896 1449 927 1503 te
945 1440 1046 1504 malus
1065 1441 1166 1526 angit,

191 1539 320 1602 insanos
338 1536 393 1620 qui
410 1536 490 1599 inter
507 1555 634 1598 vereare
652 1534 781 1597 insanus
799 1532 918 1597 haberi.
1236 1555 1270 1601 so

192 1632 329 1717 primum
346 1653 419 1693 nam
438 1628 607 1711 inquiram,
626 1626 701 1710 quid
720 1626 761 1690 sit
778 1626 896 1691 furere:
915 1626 976 1691 boe
993 1627 1020 1693 si
1039 1627 1097 1691 erit
1113 1627 1146 1690 in
1164 1638 1194 1691 te

193 1725 276 1802 solo,
295 1724 339 1787 nil
357 1722 444 1787 verbi
461 1744 572 1807 pereas
590 1722 666 1805 quin
683 1720 805 1785 fortiter
823 1721 946 1785 addam.

193 1841 287 1903 quem
305 1818 388 1882 mala
405 1816 536 1881 stultitia
554 1824 585 1880 et
602 1836 831 1899 quemeumque
848 1815 971 1880 inscitia
988 1816 1054 1879 veri

193 1934 322 1977 caecum
339 1911 418 1995 agit,
436 1911 584 1975 insanum
604 1908 775 1994 Chrysippi
791 1909 930 1993 porticus
949 1917 980 1974 et
997 1932 1076 1995 grex

193 2016 344 2070 autumat
363 2005 442 2068 haee
458 2000 607 2089 populos,
626 2004 704 2067 haec
721 2025 853 2088 magnos
872 2002 1007 2067 formula
1022 2024 1128 2088 reges,

193 2110 325 2185 excepto
344 2100 499 2184 sapiente,
518 2106 612 2163 tenet.
630 2120 715 2161 nunc
733 2098 854 2183 accipe,
874 2120 969 2181 quare

193 2194 349 2278 desipiant
367 2214 476 2257 omnes
495 2213 594 2275 aeque
612 2214 649 2256 ac
668 2202 715 2269 tu,
735 2192 789 2275 qui
807 2191 864 2256 tibi
881 2214 996 2255 nornen

193 2287 304 2351 insano
321 2309 464 2373 posuere.
483 2287 570 2352 velut
588 2286 690 2363 silvis,
709 2286 764 2350 ubi
781 2286 901 2371 passim

193 2381 335 2466 palantes
354 2402 439 2445 error
456 2389 541 2445 certo
559 2381 599 2445 de
616 2379 739 2445 tramite
756 2380 858 2465 pellit,

193 2475 247 2538 ille
265 2474 492 2551 sinistrorsum,
511 2474 562 2539 hic
580 2475 778 2539 dextrorsum
796 2473 875 2553 abit3
895 2498 976 2539 unus
994 2475 1117 2558 utrique

195 2590 280 2631 error
298 2568 354 2632 sed
371 2568 465 2633 variis
483 2568 586 2632 illudit
602 2568 757 2653 partibus:
776 2569 836 2632 hoc
854 2579 884 2633 te

195 2662 287 2726 erede
305 2662 399 2726 modo
415 2662 575 2739 insanum,
593 2661 690 2726 nihilo
708 2671 744 2725 ut
761 2662 932 2747 sapientior
949 2662 1015 2740 ille,

195 2754 249 2838 qui
267 2763 298 2818 te
316 2755 450 2832 deridet,
469 2756 602 2819 caudam
620 2756 731 2819 trahat.
750 2766 799 2820 est
816 2778 917 2842 genus
936 2779 1033 2819 unum

196 2848 345 2913 stultitiae
362 2849 494 2912 nihilum
511 2851 681 2915 metuenda
698 2849 851 2927 timentis,
870 2859 905 2914 ut
922 2850 1027 2937 ignes,

194 2953 231 3007 ut
247 2965 341 3028 rupes
358 2943 534 3027 fluviosque
551 2944 584 3008 in
601 2966 713 3031 campo
731 2944 857 3009 obstare
875 2954 1036 3029 queratur:

195 3037 341 3114 alterum,
360 3046 392 3101 et
407 3037 480 3102 huic
498 3061 624 3117 varum,
643 3048 675 3103 et
691 3040 787 3105 nihilo
806 3039 992 3124 sapientius,
1010 3039 1101 3124 ignes

194 3153 251 3216 per
268 3130 388 3195 medios
405 3131 582 3216 fluviosque
598 3133 731 3211 ruentis3
750 3134 864 3198 clamet
881 3134 994 3210 amica,

194 3235 308 3302 mater,
326 3224 459 3290 honesta
476 3249 564 3291 soror
582 3250 654 3291 cum
671 3228 827 3315 cognatis,
846 3238 1059 3313 pater,·uxor:

195 3322 247 3387 hie
264 3321 352 3387 fossa
370 3333 418 3387 est
434 3324 561 3410 ingens,
579 3324 631 3389 hic
648 3347 743 3409 rupes
761 3325 912 3401 maxima,
933 3322 1037 3388 serval

196 3439 260 3480 non
277 3417 379 3502 magis
398 3418 544 3496 audierit,
563 3440 658 3502 quam
675 3420 786 3483 Fufius
806 3417 911 3482 ebrius
930 3418 1013 3494 olim,

195 3532 294 3593 quum
311 3511 445 3575 llionam
462 3512 608 3590 edormit‚
629 3512 768 3578 Catienis
786 3513 871 3577 mille
890 3511 1046 3588 ducentis,

195 3605 298 3668 Mater
316 3616 342 3669 te
360 3606 500 3691 appello!
517 3605 734 3671 clamantibus.
753 3606 827 3670 huic
846 3628 906 3692 ego
923 3606 1038 3691 vulgus

196 3698 291 3761 errori
309 3698 443 3762 similem
461 3708 608 3764 cunctum
626 3700 761 3763 insanire
780 3700 910 3765 docebo.

194 3791 312 3855 insanit
327 3802 449 3858 veteres
468 3803 588 3858 statuas
606 3794 822 3879 Damasippus
842 3795 987 3859 emendo:

194 3885 317 3970 integer
334 3895 382 3951 est
398 3888 511 3953 mentis
528 3887 719 3973 Damasippi
736 3888 888 3953 creditor?
905 3897 981 3951 esto.

194 3977 302 4063 accipe
320 3980 405 4062 quod
422 4004 582 4066 nunquam
599 3983 713 4047 reddas
730 3983 820 4061 mihi,
840 3982 867 4047 si
885 3982 942 4046 tibi
960 3981 1075 4057 dicam3

194 4079 270 4134 tune
288 4071 417 4138 insanus
436 4075 496 4139 eris
516 4076 543 4140 si
560 4076 738 4161 acceperis?
755 4099 796 4140 au
813 4075 914 4161 magis
933 4096 1042 4140 excors

193 4163 310 4229 reiecta
326 4168 457 4251 praeda,
476 4191 570 4252 quam
587 4192 736 4255 praesens
754 4168 933 4233 Mercurius
951 4168 1030 4232 fert?

195 4256 298 4323 scribe
316 4260 425 4325 decem
443 4286 463 4325 a
479 4262 588 4327 Nerio:
606 4286 670 4327 non
688 4274 736 4328 est
754 4263 844 4327 satis:
863 4263 944 4326 adde
962 4260 1093 4327 Cicutae

193 4351 308 4415 nodosi
325 4352 447 4420 tabulas
466 4365 605 4434 eentum,
623 4357 708 4421 mille
726 4357 806 4421 adde
825 4365 950 4420 catenas
956 4380 965 4433 ;
1042 4362 1043 4365 ’

194 4444 326 4531 effugiet
343 4455 449 4514 tamen
465 4449 544 4515 haec
563 4450 731 4517 sceleratus
750 4450 875 4515 vincula
892 4450 1025 4515 Proteus
