3225 5442
318 716 380 782 136
650 723 683 788 Q.
698 720 860 777 HORATII
873 718 1012 773 FLACCI

317 888 368 952 hic
386 894 479 968 atque
496 882 590 947 illc?“
610 880 719 945 avidos
738 872 875 943 vicinum
893 876 988 941 funus
1007 888 1042 940 ut
1060 900 1178 963 aegros
1237 931 1240 936 .

318 981 474 1046 exanimat
491 976 662 1058 mortisque
680 983 766 1036 metu
785 972 845 1036 sibi
862 993 989 1056 parcere
1009 972 1123 1057 cogit3.

238 1064 240 1070 ¹
318 1078 364 1141 sio
382 1085 504 1138 teneros
522 1071 642 1135 animos
661 1069 762 1133 aliena
780 1067 947 1153 opprobria
965 1090 1059 1152 saepe

317 1168 388 1234 abst
376 1175 490 1231 tterren
507 1164 600 1227 vitiis.
620 1185 659 1226 ex
675 1162 736 1226 hoc
754 1184 814 1246 ego
833 1183 928 1224 sanus
946 1158 986 1224 ab
1004 1160 1076 1238 illis,

253 1287 299 1333 130
316 1261 485 1373 perniciem
503 1278 719 1341 quaecumque
736 1256 855 1331 ferunt,
874 1253 1084 1319 mediocribus
1104 1264 1137 1319 et
1154 1255 1246 1339 queis

316 1359 463 1442 ignoscas
482 1353 596 1416 vitiist
598 1373 700 1414 cneor.
719 1349 862 1413 fortassis
881 1357 912 1411 et
928 1347 1021 1411 istinc

317 1450 410 1535 largit
411 1471 444 1511 er
397 1446 532 1512 ttabs
533 1445 624 1508 ulerit
612 1444 737 1528 tlonga
753 1452 856 1519 aetas,
873 1440 953 1505 liber
970 1442 1101 1518 amicus,

319 1543 483 1608 consilium
500 1538 674 1624 proprium3
693 1558 795 1619 neque
814 1535 910 1611 enim,
929 1557 1026 1617 quum
1044 1534 1183 1600 lectulus
1203 1556 1259 1600 aut
1275 1558 1319 1598 me

319 1636 456 1722 porticus
475 1632 611 1716 excepit,
585 1631 742 1694 tdesum
760 1629 845 1692 mihi.
867 1628 999 1707 „rectius
1017 1627 1079 1691 hoc
1097 1639 1163 1706 est3
1155 1633 1190 1669 ·“

253 1751 337 1809 135„
339 1729 400 1793 boc
416 1725 583 1791 faciens
553 1748 657 1788 vrvam
675 1724 828 1799 melius;“
849 1723 914 1800 „sic
931 1722 1032 1785 dulcis
1050 1722 1164 1786 amicis

319 1844 493 1897 occurram3
501 1818 619 1897 “„hoo
636 1817 764 1901 quidam
780 1839 844 1880 non
861 1816 955 1892 belle,
974 1816 1131 1899 numquid
1149 1838 1212 1901 ego
1231 1817 1276 1879 illi

319 1916 501 2001 imprudens
520 1913 594 1977 olim
611 1911 726 1975 faciam
745 1910 935 1977 simile?“..
947 1908 1051 1973 .haec
1069 1930 1133 1995 ego
1152 1932 1278 1974 mecum

320 2007 508 2094 compressis
527 2006 612 2091 agito
629 2004 740 2081 labris;
759 2002 813 2067 ubi
831 2003 907 2087 quid
924 2003 1016 2066 datur
1033 2003 1086 2080 oti,

319 2104 417 2167 illudo
435 2101 559 2165 chartis.
578 2099 638 2163 hoc
656 2107 705 2162 est
722 2096 931 2161 mediocribus
949 2096 1010 2160 illis

255 2218 303 2265 140
321 2220 361 2260 ex
378 2196 461 2259 vitiis
479 2217 591 2258 unum:
610 2193 661 2257 cui
680 2192 706 2255 si
724 2191 894 2256 concedere
910 2191 1001 2267 nolis,

319 2288 418 2354 multa
435 2298 596 2373 poetarum
615 2286 720 2349 veniet
737 2307 863 2363 manus,
883 2284 998 2347 auxilio
1016 2305 1097 2367 quae

321 2383 362 2448 sit
379 2382 456 2446 mibi
473 2419 514 2427 —
532 2404 605 2443 nam
624 2378 722 2443 multo
739 2379 845 2464 plures
864 2401 972 2442 sumus
991 2416 1032 2423 —
1051 2400 1088 2441 ao
1107 2378 1208 2443 veluti
1227 2389 1258 2442 te

323 2476 434 2540 Iudaei
451 2496 601 2560 cogemus
619 2475 652 2537 in
670 2473 751 2536 bano
769 2472 940 2537 concedere
958 2470 1091 2537 turbam.

610 2755 613 2760 ·
711 2716 895 2777 SATIRA
916 2718 957 2776 V.

322 2849 495 2935 Egressum
514 2871 630 2941 magna
647 2871 698 2912 me
715 2849 839 2934 excepit
826 2846 964 2912 tAricia
980 2847 1084 2911 Roma

322 2943 458 3028 bospitio
476 2942 613 3019 modic03
631 2943 736 3006 rhetor
753 2965 859 3007 comes
877 2942 1079 3026 Heliodorus,

324 3036 515 3102 Graecorum
532 3036 626 3121 longe
644 3036 725 3099 doct
705 3037 855 3101 trssimus.
874 3037 946 3099 inde
963 3036 1082 3099 Forum
1100 3034 1200 3122 Appi,

225 3164 231 3175 ·
322 3131 479 3194 differtum
497 3139 572 3192 naut
573 3130 614 3206 is,
633 3130 828 3213 cauponibus
846 3139 939 3211 atquc
957 3129 1112 3213 malignis.

289 3248 305 3293 5
323 3225 408 3288 boc
399 3234 458 3287 rter
475 3225 580 3308 ignavi
571 3223 777 3300 divisimus,
796 3223 889 3288 altius
908 3245 944 3286 ao
961 3245 1034 3286 nos·

321 3318 506 3403 praecinctis
525 3340 636 3380 unum:
656 3316 759 3381 minus
778 3325 827 3380 est
843 3317 949 3402 gravis
967 3315 1075 3401 Appia
1093 3319 1199 3381 tardis.

321 3411 374 3475 hio
392 3434 450 3495 ego
468 3420 595 3495 propter
612 3433 740 3493 aquam,
759 3410 844 3492 quod
862 3420 927 3473 erat
945 3411 1123 3488 deterrima,
1143 3413 1244 3475 ventri

322 3505 424 3568 indico
443 3504 573 3581 bellum,
593 3514 758 3567 coenantes
777 3503 862 3567 baud
879 3504 983 3567 animo
1001 3526 1102 3587 aequo

323 3609 509 3682 exspectans
528 3598 665 3661 comites
685 3598 747 3660 iam
765 3620 830 3660 nox
847 3597 993 3661 inducere
1012 3599 1101 3662 terris

274 3713 305 3759 10
323 3690 451 3754 umbras
470 3701 500 3753 et
518 3692 605 3755 coelo
623 3691 797 3755 diffundere
817 3692 906 3799 signa
922 3691 1066 3776 parabat:

323 3795 390 3848 tum
407 3784 495 3867 pueri
513 3795 587 3848 naut
588 3785 629 3861 is,
648 3786 752 3869 pueris
771 3785 911 3849 convicia
929 3796 1042 3849 nautae

323 3877 473 3962 ingerere
492 3916 533 3924 —
554 3878 635 3957 „buc
652 3877 878 3963 appellel“...
899 3888 1072 3957 ,trecentos
1090 3878 1213 3943 inseris.
1218 3875 1341 3956 “„ohel

323 3972 386 4035 iam
404 3972 479 4035 satis
498 3981 559 4035 est
534 3970 645 4033 t¹“-
663 3973 739 4035 dum
756 3994 810 4035 aes
829 3972 976 4057 exigitur,
996 3972 1069 4035 dum
1088 3972 1175 4037 mula
1191 3973 1269 4057 ligat
1257 3983 1313 4047 tur,

324 4077 389 4131 tota
406 4066 472 4131 abit
489 4067 574 4130 bora.
593 4067 667 4130 mali
685 4066 800 4130 culices
819 4088 976 4149 ranaeque
993 4066 1149 4151 palustres

276 4182 306 4228 15
324 4170 467 4225 avertunt
485 4183 621 4225 somnos.
640 4159 801 4224 absentem
820 4170 855 4222 ut
874 4170 978 4224 cantat
995 4160 1127 4225 amicam

299 4274 302 4280 ’
324 4255 422 4318 multa
439 4254 580 4339 prolutus
598 4277 701 4339 vappa
718 4264 814 4318 nauta
832 4263 925 4336 atque
943 4254 1043 4318 viator

325 4349 479 4411 certatim:
498 4349 624 4411 tandem
642 4348 746 4412 fessus
765 4339 899 4412 dormire
917 4348 1018 4412 viator

324 4440 445 4523 incipit,
464 4464 501 4504 ac
519 4442 633 4505 missae
650 4452 777 4527 pastum
794 4441 964 4506 retinacula
981 4443 1084 4506 mulae
