3225 5442
460 729 664 790 citaturum
681 732 756 824 lilB.
770 736 821 791 lV.

297 905 326 959 te
344 894 453 958 decem
472 891 552 955 tauri
570 891 760 974 totidemque
778 912 903 967 vaccae,

296 1009 347 1051 me
365 997 453 1052 tener
470 984 572 1050 solvet
588 984 719 1061 vitulus,
738 984 846 1049 relicta

296 1092 393 1145 matre
411 1078 465 1162 qui
482 1078 578 1164 largis
596 1078 769 1142 iuvenescit
786 1077 891 1142 herbis

359 1175 393 1237 in
410 1195 481 1237 mea
497 1182 581 1248 vota,

298 1312 398 1375 fronte
416 1318 562 1373 curvatos
579 1307 718 1372 imitatus
736 1307 827 1393 ignes

298 1404 422 1468 tertium
439 1403 554 1467 Lunae
571 1401 735 1466 referentis
752 1411 866 1477 ortum,

298 1521 360 1582 qua
377 1506 484 1562 notam
501 1497 605 1575 duxit,
623 1497 735 1561 niveus
753 1497 862 1573 videri,

362 1602 463 1657 cetera
480 1591 596 1657 fulvus.

493 1816 693 1879 CARMEN
714 1816 777 1874 111.

438 1922 502 2010 'An
525 1959 837 2011 usrmounnsn.

256 2087 360 2170 Quem
377 2096 425 2163 tu,
443 2085 658 2171 Melpomene,
678 2084 775 2150 semel

297 2191 477 2245 nascentem
494 2179 619 2265 placido
636 2179 753 2243 lumine
771 2178 898 2255 videris,

254 2274 342 2337 illum
359 2297 422 2338 non
440 2273 528 2339 labor
544 2273 697 2337 Isthmius

298 2367 426 2432 clarabit
442 2367 596 2453 pugilem,
615 2389 678 2431 non
696 2387 796 2448 equus
814 2364 950 2450 impiger

255 2525 347 2568 curru
364 2503 457 2567 ducet
474 2501 616 2568 Achaico

297 2598 460 2673 victorem,
478 2618 580 2680 neque
597 2619 648 2661 res
667 2595 778 2661 bellica
795 2595 899 2660 Deliis

255 2701 399 2756 ornatum
415 2691 499 2769 foliis
518 2692 640 2768 ducem,

297 2786 382 2868 quod
397 2808 509 2871 regum
526 2786 663 2850 tumidas
681 2785 856 2850 contuderit
873 2784 983 2858 minas,

257 2922 400 2987 ostendet
418 2921 589 3006 Capitolio:

299 3015 354 3079 sed
371 3037 452 3098 quae
470 3014 570 3080 Tibur
587 3037 687 3099 aquae
705 3015 807 3080 fertile
825 3013 991 3098 perfluunt,

256 3118 288 3171 ct
306 3109 426 3193 spissae
443 3131 605 3173 nemorum
623 3132 733 3174 comae

298 3203 417 3289 fingent
434 3202 548 3268 A‘eolio
566 3205 704 3268 carmine
720 3203 868 3268 nobilem.

256 3339 390 3417 Romae,
408 3340 558 3425 principis
576 3340 711 3417 urbium,

298 3434 444 3519 dignatur
462 3435 588 3500 suboles
606 3435 687 3498 inter
704 3428 857 3498 amabiles

256 3537 363 3590 ratum
380 3549 496 3612 ponere
513 3550 564 3592 me
583 3528 705 3604 choros,
799 3564 803 3570 ·

298 3629 330 3683 et
346 3620 410 3684 iam
427 3622 519 3688 dente
536 3621 640 3685 minus
657 3621 802 3685 mordeor
819 3620 936 3685 invido.

257 3780 290 3833 o,
310 3756 473 3822 testudinis
492 3779 605 3822 aureae

298 3850 421 3915 dulcem
438 3872 519 3934 quae
537 3852 714 3936 strepitum,
734 3850 833 3928 Pieri,
852 3860 1018 3935 temperas,

255 3968 274 4010 0
292 3944 386 4009 mutis
404 3966 529 4029 quoque
546 3945 685 4029 piscibus

298 4040 450 4103 donatura
467 4040 571 4124 cycni,
592 4040 618 4105 si
635 4040 745 4115 libeat,
764 4060 887 4113 sonum,

255 4184 356 4240 totum
373 4177 511 4240 muneris
528 4173 589 4240 hoo
607 4177 652 4240 tui
670 4186 728 4251 est,

297 4269 382 4352 quod
399 4279 556 4334 monstror
572 4270 671 4356 digito
688 4267 952 4353 praetereuntium

255 4361 417 4426 Romanae
438 4364 552 4427 fidicen
568 4363 669 4448 lyrae:

298 4457 382 4539 quod
401 4456 485 4542 spiro
503 4465 534 4521 et
550 4458 674 4543 placeo,
694 4456 721 4521 si
737 4457 860 4542 placeo,
881 4464 967 4518 tuum
978 4462 1043 4517 est.
