3225 5442
610 730 638 781 Q.
657 731 776 771 nonam
793 729 898 773 mccl
1197 728 1299 774 XXXV

204 838 364 910 temporiss
387 838 443 892 atio
454 838 564 908 obtigit.
586 838 661 892 Dum
672 840 745 893 enim
765 840 805 893 ait
819 840 940 910 scriptor
954 839 1027 893 vitae
1042 838 1179 894 Suetonio
1197 841 1300 895 adscri-

204 908 336 962 vcrsibus
368 907 494 960 sciendis
513 923 592 960 suam
609 907 646 959 im
668 908 746 961 endit
763 914 844 977 ptac,
874 907 1041 977 vitavitque,
1068 908 1186 963 maxime
1208 914 1301 963 aetate

204 990 330 1047 operam,
340 974 494 1027 innotescit
502 991 567 1028 mox
576 974 646 1027 Luc.
684 975 743 1028 ario
764 975 930 1044 provectior,
955 981 1088 1044 quantum
1109 974 1170 1032 fieri
1193 982 1301 1094 posset,

203 1053 235 1099 et
242 1042 374 1113 Virgilio,
384 1042 477 1121 poetis
486 1048 544 1095 tum
553 1042 583 1094 in
591 1042 661 1096 urbe
671 1043 745 1111 prin·
764 1044 838 1097 vitae
853 1044 979 1097 urbanae
989 1043 1088 1096 turbas
1098 1059 1132 1097 ac
1147 1043 1301 1111 moestius,

204 1112 326 1182 cipibus,
345 1127 394 1179 qur
411 1110 488 1177 apud
504 1109 626 1189 partium
643 1108 745 1163 Caesa·
763 1111 873 1164 etiamsi
900 1110 983 1165 amici
1004 1110 1094 1179 ipsius
1120 1110 1302 1180 inprimisque

202 1180 347 1233 rianarum
360 1193 494 1247 proceres
503 1178 673 1230 iamdudum
683 1194 744 1246 gra·
763 1178 914 1231 Maecenas
929 1183 1068 1248 optarent,
1086 1183 1119 1231 ut
1137 1178 1251 1247 saepius
1269 1194 1303 1232 ac

203 1248 274 1323 tia-m
292 1245 347 1300 sibi
361 1244 553 1313 collegissent,
569 1244 745 1325 quandoqui-
763 1246 869 1298 diutius
884 1256 978 1298 seeum
992 1245 1021 1297 in
1035 1246 1105 1300 urbe
1119 1262 1302 1300 commorare-

205 1317 272 1369 dem
297 1314 401 1369 Varius
428 1312 550 1366 carmine
576 1331 606 1366 ιιι
629 1312 659 1366 C.
681 1312 745 1365 lulii
763 1318 833 1366 tur.1
850 1313 1027 1367 Atnimirum
1036 1313 1179 1367 verissime
1190 1313 1305 1383 scripsit

204 1382 337 1436 Caesaris
350 1380 744 1460 mortem31Virgiliusautem
764 1380 890 1448 Ovidius,
919 1398 998 1435 snam
1025 1397 1163 1451 quemque
1191 1381 1303 1435 trahere

204 1450 290 1505 editis
300 1449 420 1519 singulis
450 1448 599 1503 mbusdam
607 1448 745 1518 poematis
764 1450 948 1518 voluptatem.
985 1448 1068 1511 Quod
1085 1449 1146 1503 iure
1165 1449 1249 1503 etiam
1267 1450 1303 1502 de

204 1516 363 1573 bucobeiss
380 1516 410 1570 in
430 1516 436 1528 '
461 1532 540 1569 orum
553 1516 745 1571 benevolenti·
763 1516 885 1570 Horatio
896 1518 937 1570 ita
947 1516 1003 1570 diei
1018 1522 1122 1585 potest,
1158 1533 1222 1570 uem
1235 1516 1304 1572 nihil

204 1603 250 1639 am
272 1591 302 1639 et
323 1584 448 1637 favorem
471 1599 501 1637 se
523 1584 745 1639 insinuaverant.
764 1585 855 1654 magis
873 1584 1030 1639 oblectavit
1044 1584 1102 1637 otio
1119 1534 1169 1638 isio
1187 1585 1303 1652 rustico,

203 1653 246 1707 Hi
262 1668 330 1705 vero
345 1668 430 1720 quum
445 1649 506 1704 eius
520 1668 617 1705 versus
630 1650 746 1704 mirifice
767 1669 822 1721 quo
846 1652 901 1733 ipsi
919 1653 992 1706 haee
1015 1652 1158 1721 obtigerat
1178 1652 1303 1720 fortuna,

203 1718 405 1790 probavissent
414 1724 444 1772 et
451 1718 594 1787 ingenium
603 1719 746 1789 ipsiusne·
766 1726 798 1771 ut
817 1720 871 1774 sibr
885 1727 971 1790 atque
985 1719 1066 1789 poesi
1084 1720 1178 1773 vivere
1196 1719 1303 1774 liceret.

203 1788 316 1841 vissent
332 1786 464 1855 propius,
487 1788 650 1841 faciendum
666 1795 747 1855 puta·
765 1788 809 1840 De
819 1789 935 1855 praedio
945 1788 1001 1841 isto
1017 1787 1041 1840 si
1055 1788 1228 1857 quaerimus,
1242 1788 1304 1857 pal·

203 1860 281 1920 runt,
299 1859 332 1907 ut
349 1871 414 1908 eum
432 1853 463 1908 O.
477 1853 569 1909 Cilnio
587 1854 746 1910 Maecenati
766 1854 910 1908 cherrimis
928 1856 999 1908 illud
1019 1854 1163 1908 coloribus
1178 1855 1305 1924 depinxit

204 1923 446 1990 commendarent,
460 1923 566 1976 homini
577 1940 688 1992 quuma
708 1924 747 1976 ud
765 1923 773 1974 i
796 1939 827 1976 se
844 1928 930 1992 poeta
946 1923 1037 1991 Epist
1050 1922 1073 1976 I.
1084 1923 1126 1991 16,
1136 1922 1153 1975 5
1163 1940 1195 1993 sq
1218 1963 1223 1975 .
1239 1924 1303 1977 eoll.

205 1990 395 2045 Octavianum
404 1990 541 2059 gratiose,
556 1996 674 2043 tumeru
695 1997 746 2043 rte·
766 1939 856 2043 darm.
866 1990 889 2042 Ι.
899 1990 940 2044 11.
949 1990 1040 2059 Epist.
1050 1990 1073 2042 I.
1083 1990 1124 2058 14,
1135 1990 1160 2043 3.
1169 1940 1304 2056 tiana.

204 2076 267 2113 ιιιιιι
280 2064 401 2126 patrono
416 2074 451 2111 ac
463 2058 568 2111 fautori
586 2074 644 2110 non
661 2057 746 2110 medi·
766 2057 856 2110 1051.
867 2058 944 2125 10,3.
955 2057 1059 2111 Satll.
1070 2058 1095 2124 6,
1106 2058 1147 2111 12.
1158 2058 1304 2127 exquibus

205 2126 293 2181 ocri.³
317 2127 363 2179 De
379 2141 435 2195 qua
452 2126 505 2179 rei
529 2142 558 2179 se
573 2130 671 2178 narrat
683 2125 747 2177 loco
765 2124 836 2178 locis
855 2125 926 2178 haec
943 2124 1016 2178 fiunt
1028 2142 1093 2194 pers
1115 2125 1188 2179 icua.
1215 2125 1304 2178 Situm
1342 2173 1345 2177 .

205 2192 432 2249 celebratissimo
444 2143 638 2261 81113541
661 2208 687 2261 q.
705 2192 748 2245 Ea
765 2193 794 2245 in
818 2192 931 2245 Sabinis
954 2199 1024 2260 crat,
1043 2209 1060 2245 a
1079 2192 1086 2214 '
1105 2192 1185 2247 ibure
1208 2192 1305 2263 (hodie

205 2278 276 2315 vero
287 2261 493 2315 commendatio
507 2209 749 2315 eventuerabuit
767 2261 862 2331 Tmoli)
873 2258 1044 2339 Aquilonem
1057 2276 1155 2313 versus
1170 2259 1305 2329 aliquota

204 2332 293 2399 lenge
320 2328 547 2398 prosperrimum.
594 2327 747 2382 Maecenas
766 2328 874 2381 distans
884 2327 1188 2395 milliaribus,vieinum
1198 2327 1304 2449 ogpido

206 2398 283 2451 enim
292 2413 354 2450 eum
364 2396 591 2450 nonmodointcr
599 2396 747 2449 interiores
766 2396 869 2450 Variae
884 2396 983 2464 (hodie
1002 2398 1063 2450 Vico
1081 2397 1178 2464 Vero),
1197 2412 1215 2449 a
1247 2396 1304 2449 Lu·

207 2465 276 2519 suos
292 2463 446 2517 familiares
461 2468 490 2517 et
506 2464 613 2517 amicos
630 2462 746 2532 recepit,
767 2463 884 2531 eretilis,
907 2463 1010 2517 montis
1029 2462 1233 2531 amoenissimi,
1257 2463 1305 2533 qui

206 2532 260 2586 sed
278 2530 363 2585 etiam
380 2532 477 2600 paullo
496 2537 563 2600 post
583 2531 618 2583 iis
637 2531 748 2584 ornavit
766 2530 850 2584 hodie
861 2536 979 2584 vocatur
992 2533 1083 2585 ilionis
1094 2532 1227 2596 Genuam,
1242 2548 1304 2600 par·

208 2597 369 2666 benefieiis,
393 2615 466 2668 quae
485 2600 522 2652 ad
541 2598 626 2652 vitam
649 2614 746 2652 secure
766 2603 810 2651 tes
821 2598 1075 2667 septemtrionales,
1085 2598 1115 2651 in
1125 2598 1254 2653 convalle
1265 2599 1305 2650 in·

205 2666 417 2736 tranqnilleque
439 2666 597 2736 degendam
619 2666 748 2719 facerent
766 2665 952 2734 eundissima,
976 2684 1060 2736 quam
1078 2665 1240 2735 perfluebat
1256 2666 1305 2718 Di-

207 2736 366 2803 plurimum.
393 2734 520 2787 Donavit
532 2734 606 2787 enim
616 2734 643 2787 ei
652 2733 747 2787 villam
765 2732 863 2854 {entia
876 2733 954 2812 (hod.
969 2736 1092 2802 Liceaza)
1106 2734 1182 2787 rivus
1196 2751 1212 2788 e
1226 2734 1305 2787 fonte

208 2805 237 2856 in
248 2802 361 2857 Sabinis
374 2818 432 2855 non
447 2802 548 2870 procul
562 2819 580 2855 a
590 2802 697 2856 Tibure
712 2801 746 2854 si·
791 2801 927 2855 andusroa
942 2802 1076 2855 oriundus
1090 2808 1120 2856 et
1129 2803 1159 2855 in
1166 2801 1306 2856 Anienem

210 2878 275 2937 tam,
294 2886 351 2939 quo
370 2885 484 2923 munere
498 2875 594 2938 poeta,
611 2869 747 2925 mediocri
766 2885 829 2923 sese
840 2868 995 2923 effundens.
1022 2870 1159 2924 Habebat
1172 2870 1245 2922 illud
1259 2868 1305 2921 sil·

211 2939 257 2991 ille
267 2938 383 2991 fortuna
392 2943 542 2990 contentus
560 2943 573 2979 4
591 2954 653 2992 sese
667 2943 746 2991 tanto
766 2954 816 2990 vas
840 2944 869 2990 et
890 2953 1007 2991 nemora
1030 2954 1166 3006 perquam
1187 2953 1306 2991 amoena

214 3005 300 3075 magis
326 3005 440 3058 beatum
465 2977 668 3073 praedicavitl
691 3022 746 3074 quo
766 3010 883 3074 eratque
894 3004 978 3059 etiam
988 3005 1072 3072 saxis,
1086 3004 1204 3074 rupibus
1214 3020 1248 3057 ac
1258 3005 1306 3058 du-

216 3072 363 3142 proclivior
371 3072 434 3140 ipse
443 3077 544 3126 natura
555 3089 606 3125 sua
615 3045 652 3126 ati
661 3072 747 3126 vitam
766 3072 848 3125 metis
866 3072 1037 3126 distinctum.
1069 3073 1130 3127 Nec
1147 3087 1214 3125 vero
1233 3072 1306 3125 adeo

217 3140 332 3194 ›tiosam
346 3156 380 3193 ac
394 3139 548 3193 solitariam
561 3140 616 3193 fuit
635 3156 747 3209 quoque
766 3156 884 3206 parvum
901 3139 954 3192 fuit
971 3146 1001 3194 ct
1019 3139 1159 3208 exiguum,
1179 3138 1307 3207 quamvis

218 3208 324 3263 'acilius
334 3207 372 3261 ita
380 3207 462 3276 poesi
471 3224 572 3261 vacare
581 3208 688 3275 potuit,
704 3206 748 3259 cui
767 3223 825 3259 non
836 3208 1055 3325 comparandum
1070 3223 1132 3259 cum
1147 3206 1256 3275 magnis
1267 3205 1306 3258 di·

220 3293 240 3330 c
277 3281 368 3329 tetum
397 3276 509 3329 tradere
545 3270 748 3329 constituisset.
768 3273 854 3326 vitum
906 3273 1060 3326 atiiundiis.
1118 3273 1306 3337 Quamobrem

222 3344 401 3408 luamobrem
418 3343 521 3396 dehinc
534 3344 596 3395 vicit
604 3344 749 3411 plurimum
767 3341 968 3410 posterulam
980 3340 1114 3395 Sabinam
1129 3356 1234 3394 suamc
1277 3356 1293 3393 o

223 3429 355 3464 asscensu
373 3412 464 3465 Sabini
483 3420 529 3463 ant
547 3411 697 3475 Tiburtini,⁶
718 3418 749 3461 ut
768 3408 811 3462 nit
823 3425 979 3477 pauperum
993 3409 1097 3462 divitiis
1112 3407 1202 3462 Carm.
1263 3408 1306 3475 .1‚

418 3508 420 3511 ’
768 3497 873 3536 dissitum.
893 3497 954 3536 Unde
963 3500 1028 3546 poeta
1037 3499 1102 3536 etiam
1115 3497 1198 3536 Tiburis
1211 3498 1307 3536 amoeni-

234 3550 247 3587 1
262 3558 284 3587 v.
294 3548 358 3587 Voss.
368 3548 395 3587 sd
404 3548 479 3596 Virgil.
489 3549 564 3587 Bucel.
575 3549 593 3587 1.
602 3559 624 3587 v.
634 3550 679 3588 Lt.
690 3550 749 3587 et35.
768 3553 823 3586 tates
841 3550 906 3587 toties
924 3549 1044 3602 praedicat,
1063 3552 1087 3588 nt
1104 3548 1175 3587 carm.
1190 3548 1207 3586 l.
1221 3549 1240 3586 ¹1.
1256 3548 1305 3587 coll.

235 3601 248 3638 2
261 3599 316 3637 Nam
325 3600 447 3638 universam
456 3610 529 3638 eorum
535 3600 685 3638 collectionem
694 3610 749 3638 anno
768 3600 837 3647 Epist.
852 3599 869 3638 1.
880 3601 899 3645 ’1,
910 3601 942 3639 45.
959 3600 1030 3639 carm.
1040 3601 1068 3638 11.
1083 3601 1102 3645 6,
1113 3601 1132 3638 5.
1146 3600 1185 3637 111.
1195 3600 1214 3644 4,
1225 3600 1258 3637 ai.
1268 3600 1305 3637 lV.

228 3660 299 3688 smum
315 3650 360 3689 713.
379 3650 498 3689 absolutam
513 3660 560 3689 esse
574 3652 691 3690 verisimile
709 3659 749 3697 est,
768 3650 988 3697 2,30.1V.t‚10.a1.
1016 3651 1121 3689 Nimirum
1134 3651 1219 3688 videtur
1232 3651 1306 3698 utique

230 3710 289 3749 aqna
297 3710 321 3739 rs
334 3711 357 3739 v.
366 3700 426 3739 latin.
436 3702 507 3740 Praei.
517 3702 543 3739 ad
553 3702 629 3749 virgil.
639 3713 660 3750 p.
670 3702 727 3740 XIX.
738 3712 751 3740 a
769 3702 820 3740 illue
829 3702 914 3749 saepius
928 3713 976 3740 curu
986 3703 1096 3750 voluptate
1106 3702 1231 3747 devertisse,
1246 3711 1307 3749 prae-

232 3763 254 3790 re
272 3751 373 3791 dissentit
386 3752 501 3791 Paldamus
514 3753 585 3791 Praei.
600 3752 628 3791 ad
637 3753 713 3801 virgil.
727 3764 750 3801 p.
768 3754 842 3791 sertim
855 3763 920 3802 quum
933 3754 1047 3792 Maecenas
1060 3753 1090 3791 ibi
1104 3753 1178 3791 villam
1187 3752 1307 3801 possideret

232 3802 281 3840 [ΠΙ.
559 3830 562 3835 ,
769 3804 971 3852 splendidissimam,
987 3806 1047 3843 euius
1061 3803 1129 3842 adlruc
1143 3803 1219 3841 rudera
1233 3813 1306 3851 super-

236 3853 250 3891 8
263 3862 285 3891 v.
296 3852 340 3891 Sat.
350 3852 368 3891 1.
378 3854 397 3900 6,
408 3856 484 3901 bisqq.
494 3854 523 3893 11.
532 3856 552 3900 6,
558 3856 583 3893 40
589 3864 635 3903 sqq.
649 3854 683 3893 De
692 3855 751 3893 Mae·
769 3858 826 3893 sunt.
853 3855 906 3893 Rem
924 3866 992 3903 nuper
1002 3900 1005 3905 ¹
1014 3855 1143 3903 disceptavit
1161 3854 1305 3892 Stredtmann.

236 3906 288 3941 nate
297 3904 398 3943 consulas
407 3914 436 3943 ex
444 3905 609 3944 recentioribus:
627 3906 751 3944 DeMaece·
769 3906 844 3944 Horat.
854 3906 907 3954 Lyr.
918 3905 1016 3944 Gediclrt.
1027 3917 1048 3954 p.
1059 3907 1083 3944 5¹2
1093 3915 1139 3952 sqq.

236 3955 270 3993 tis
279 3955 332 4002 vita,
342 3955 437 3994 moribus
451 3959 473 3993 et
481 3956 545 3994 rebus
558 3957 625 4003 gestis
635 3960 750 3995 comment.
795 3958 806 3995 1
820 3966 842 3995 v.
853 3956 897 3995 Sat.
906 3956 934 3995 11.
945 3958 964 3994 6.
974 3957 1015 4004 Ep.
1024 3957 1042 3995 1.
1052 3958 1071 3995 7.
1081 3957 1122 4003 Ep.
1133 3956 1189 4000 114.
1200 3956 1225 3993 16
1235 3964 1280 4002 sqq.

237 4015 287 4043 aun.
298 4006 364 4043 Herrr.
378 4006 558 4054 Meibcm.1.ugd.
572 4007 621 4045 But.
632 4008 689 4045 1653.
699 4009 719 4045 4.
730 4011 751 4045 et
794 4010 806 4046 2
821 4007 848 4045 Η.
860 4018 878 4046 e.
889 4008 913 4057 34
923 4007 1049 4045 milliaribus
1059 4006 1173 4053 geograph.
1188 4051 1191 4057 Ι

239 4056 334 4095 andren:
353 4054 400 4095 Gai.
411 4055 467 4096 Clln.
477 4057 597 4096 Maecenas.
607 4058 682 4097 Alton.
692 4060 750 4097 1343.
795 4060 807 4096 3
822 4059 854 4096 lta
867 4058 938 4096 Schol.
955 4058 1019 4105 Cruq.
1034 4057 1060 4095 ud
1071 4056 1142 4095 Carm.
1156 4055 1195 4092 111.
1209 4055 1241 4092 13.
1257 4053 1306 4092 coll.

241 4108 300 4145 coni.
311 4108 376 4146 etiam
384 4107 452 4147 indic.
463 4119 481 4146 s.
491 4119 512 4145 v.
524 4106 644 4148 Maecenas.
769 4109 873 4156 Porphyr.
887 4108 915 4146 ad
927 4108 968 4155 Ep.
982 4108 999 4146 1.
1014 4110 1037 4153 6,
1052 4109 1084 4145 13.
1121 4105 1253 4154 Quamquam
1271 4106 1307 4143 alii

241 4160 249 4196 1
262 4158 333 4206 Eped.
342 4159 361 4197 1.
371 4160 396 4197 31
406 4169 438 4207 sq.
453 4159 494 4199 Od.
504 4159 531 4197 Π.
542 4160 574 4206 18,
585 4161 617 4199 12.
627 4160 665 4198 111.
675 4160 708 4207 16,
718 4160 750 4199 38.
769 4160 839 4204 aliter,
850 4159 876 4196 de
886 4169 974 4206 quorum
984 4157 1121 4206 opinionibus
1126 4167 1147 4193 v.
1154 4154 1307 4197 Strodtmann:

241 4210 249 4246 'r
264 4208 309 4247 Sat.
319 4209 348 4247 11.
358 4210 377 4247 6.
388 4210 418 4248 irr.
769 4211 881 4248 Horazens
889 4210 995 4257 Lyrlschs
1005 4208 1109 4247 Gediehte
1114 4218 1135 4254 p.
1142 4207 1166 4244 59
1172 4217 1217 4253 sqq.
1236 4206 1307 4245 Hodie

242 4260 249 4297 i
263 4260 299 4298 Ex
312 4260 346 4299 his
359 4261 431 4299 verbis
440 4270 552 4309 perperam
566 4261 651 4309 qnidam
665 4262 752 4300 conclu·
770 4262 814 4299 iere
829 4260 911 4299 fontem
925 4259 951 4297 ad
964 4257 1080 4298 Venusiam
1094 4259 1159 4296 situm
1176 4257 1306 4305 intelligunt,

244 4315 287 4350 rm
300 4310 343 4351 duo
356 4312 479 4359 possedisse
492 4312 606 4351 Horatium
618 4313 715 4360 praedia,
730 4313 752 4350 id
770 4313 805 4359 qui
816 4322 872 4349 nnuc
882 4309 987 4350 Sambuco
997 4309 1122 4357 appellatur.
1142 4307 1205 4356 Quod
1213 4308 1252 4347 vix
1262 4319 1307 4348 cre·

245 4362 270 4400 id
278 4362 315 4400 vel
325 4372 354 4402 ex
364 4361 435 4401 Carm.
445 4363 473 4401 11.
483 4365 555 4410 13,14.
564 4364 676 4402 refellitur.
687 4364 752 4401 Recte
770 4362 836 4400 dibile
842 4365 881 4400 est.
891 4361 1017 4400 Nomiuavlt
1026 4362 1072 4407 lpse
1082 4360 1240 4407 prestolantem,
1251 4361 1307 4399 undu

246 4413 390 4461 rRrrtgeraius
399 4416 511 4462 perspexit
519 4414 628 4463 praedium
637 4413 720 4452 Horatii
730 4415 752 4452 ln
769 4414 872 4459 Digentia
884 4412 1009 4461 profluebat,
1024 4411 1155 4450 uaneusrum
1169 4411 1203 4448 vel
1213 4411 1308 4450 Blandu-

247 4463 314 4502 riiniis
322 4465 368 4512 agri
378 4464 452 4503 Sabini
462 4465 593 4504 etTiburtini
604 4465 668 4503 situm
678 4465 751 4510 inisse,
770 4465 832 4509 sium,
852 4466 875 4502 ut
888 4464 993 4503 Venusini
1007 4464 1072 4501 fontis
1090 4463 1215 4500 memoriam
1232 4472 1305 4502 reeen-

248 4514 316 4555 Tibur
333 4516 394 4564 quasi
407 4516 502 4556 victuum
520 4520 584 4564 esset,
599 4515 651 4555 licet
667 4516 752 4563 longius
769 4519 814 4553 tem
823 4518 924 4555 servaret.

1093 4566 1132 4625 c*
