3225 5442
243 322 1154 533 V—

618 826 845 885 SATIRARUM
860 828 935 884 LIB.
948 831 986 885 11.
1254 819 1313 884 l'll

285 987 418 1055 orabant
435 986 529 1051 hodie
547 986 760 1063 meminisses,
780 984 914 1068 Quinte,
934 988 1077 1053 reverti.“
1099 1028 1140 1037 —

240 1113 242 1118 ·
286 1082 466 1167 „imprimat
483 1080 532 1145 his
552 1103 626 1145 cura
643 1079 814 1145 Maecenas
834 1081 925 1167 signa
943 1081 1097 1148 tabellis.“
1117 1124 1157 1131 —

249 1219 253 1226 -
284 1176 416 1252 dixeris,
435 1174 605 1260 Experiar:
625 1174 673 1253 „si
691 1174 753 1250 vis,
771 1179 897 1260 potcs,“
917 1176 1004 1239 addit
1022 1186 1053 1241 et
1069 1177 1175 1242 instat.

285 1269 439 1356 septimus
458 1277 569 1333 octavo
587 1268 713 1353 propior
730 1268 793 1332 iam
811 1268 928 1354 fugerit
945 1293 1056 1346 annus,
1295 1333 1298 1337 .
1336 1292 1369 1338 40

285 1387 327 1428 ex
344 1385 407 1446 quo
424 1361 596 1426 Maecenas
614 1383 665 1425 me
684 1362 787 1447 coepit
803 1362 920 1427 habere
938 1386 1067 1428 suorum

284 1458 320 1521 in
337 1478 481 1532 numero,
500 1456 653 1519 duntaxat
670 1456 711 1519 ad
728 1454 802 1533 hoc,
820 1477 916 1539 quem
934 1457 1041 1522 tollere
1059 1458 1156 1523 rhedo

284 1549 380 1614 vellet
397 1549 608 1626 iterfaciens,
627 1559 658 1613 et
676 1550 726 1613 cui
745 1553 932 1615 concredere
950 1574 1052 1637 nugas

244 1661 248 1670 ·
284 1644 348 1708 hoc
365 1666 481 1729 genus:
500 1643 579 1707 hora
596 1653 691 1727 quota
709 1644 776 1708 est?
794 1644 903 1708 Thrax
921 1656 970 1710 est
988 1644 1115 1711 Gallina
1134 1644 1215 1732 Sym
1233 1648 1309 1731 par?

284 1738 439 1801 matutina
455 1759 566 1822 parum
586 1747 694 1801 cautos
713 1737 776 1801 iam
793 1738 911 1825 frigora
930 1740 1086 1818 mordent;
1335 1763 1369 1809 45

285 1841 319 1895 et
335 1853 415 1915 quae
432 1830 550 1895 rimosa
567 1829 647 1895 bene
665 1832 864 1916 deponuntur
881 1833 914 1896 in
932 1856 1020 1898 aure:

282 1947 342 2010 per
359 1934 458 1989 totum
476 1924 536 1989 hoc
555 1936 678 2010 tempus
697 1926 866 1991 subiectior
882 1927 916 1991 in
934 1928 1017 1992 diem
1035 1928 1193 1992 ethoram

283 2018 431 2083 invidiae.
453 2028 561 2083 noster
576 2018 668 2083 ludos
688 2029 884 2105 spectaverat
901 2044 974 2098 una,

282 2113 402 2178 luserat
418 2113 452 2176 in
469 2135 595 2198 campo:
615 2113 792 2191 „Fortunae
811 2113 929 2190 filius,“
949 2137 1068 2179 omnes.

283 2207 419 2292 frigidus
438 2230 457 2270 a
473 2207 581 2272 rostris
599 2217 706 2271 manat
722 2230 780 2293 per
797 2208 934 2292 compita
950 2230 1070 2272 rumor:
1336 2228 1369 2276 5ο

283 2301 474 2383 quicumque
492 2299 604 2365 obvius
622 2310 684 2378 est,
703 2323 754 2365 me
772 2301 921 2365 consulitr
941 2324 979 2381 „o
998 2299 1094 2379 bone,
1112 2326 1186 2366 nam
1204 2311 1235 2367 te

284 2395 379 2470 scire,
398 2395 474 2458 deos
493 2394 640 2477 quoniam
657 2395 786 2480 propius
805 2394 961 2480 contingis
967 2442 976 2472 ‚
995 2405 1126 2480 oportet,

283 2510 361 2551 num
378 2487 455 2571 quid
472 2488 511 2552 de
529 2487 629 2552 Dacis
647 2488 806 2553 audisti?“
822 2526 863 2536 —-
879 2489 941 2568 „nil
961 2490 1137 2572 equidem.“
1153 2528 1194 2536 -
1210 2499 1265 2568 „ut
1283 2498 1318 2553 tu

285 2602 410 2666 semper
427 2580 487 2645 eris
505 2581 655 2645 derisor.“
674 2619 716 2629 -
736 2594 788 2660 „at
805 2604 915 2646 omnes
934 2582 966 2646 di
983 2583 1143 2669 exagitent
1160 2605 1221 2660 me,

285 2674 313 2737 si
331 2673 533 2757 quidquam.“
552 2712 594 2721 —
613 2675 729 2759 „quidi
745 2674 896 2741 militibus
914 2677 1070 2762 promissa
1088 2676 1256 2761 Triquetra
1334 2698 1367 2745 55

283 2767 412 2852 praedia
431 2766 550 2832 Caesar
568 2792 608 2833 an
626 2778 674 2833 est
692 2769 773 2833 Itala
791 2770 901 2834 tellure
918 2771 1092 2837 daturusl“

284 2862 438 2926 iurantem
456 2885 506 2927 me
525 2863 605 2927 scire
622 2864 700 2927 nihil
718 2865 848 2929 miratur
865 2874 900 2929 ut
917 2889 1015 2929 unum

286 2955 404 3020 scilicet
422 2957 541 3043 egregii
558 2958 721 3021 mortalem
739 2958 856 3041 altique
875 2959 987 3024 silenti.

285 3049 427 3134 perditur
444 3050 521 3115 haec
538 3051 619 3116 inter
636 3052 751 3117 misero
768 3052 824 3116 lux
841 3076 906 3118 non
924 3054 991 3117 sine
1008 3054 1107 3118 votis:

285 3164 305 3206 ο
323 3166 391 3221 rus,
410 3145 535 3227 quando
553 3167 614 3231 ego
632 3156 662 3210 te
680 3147 866 3233 adspiciam,
886 3140 1074 3231 quandoque
1091 3145 1198 3211 licebit

285 3259 369 3301 nunc
387 3247 528 3302 veterum
545 3239 633 3304 libris
651 3263 735 3304 nunc
754 3264 863 3305 somno
882 3251 914 3305 et
929 3239 1081 3305 inertibus
1099 3240 1184 3304 horis

285 3330 400 3395 ducere
419 3332 568 3397 sollicitae
586 3333 723 3398 iucunda
741 3334 857 3398 oblivia
874 3334 976 3398 vitae?

284 3446 305 3488 o
323 3426 449 3507 quando
466 3426 541 3491 saba
557 3426 759 3514 Pythagorae
777 3439 912 3514 cognata
930 3427 1086 3511 simulque

284 3528 380 3582 uncta
398 3519 473 3584 satis
490 3520 601 3606 pingui
618 3531 773 3607 ponentur
791 3522 932 3587 oluscula
949 3522 1056 3586 lardo?

285 3635 305 3676 o
323 3621 431 3677 noctes
450 3636 627 3697 coenaeque
645 3616 754 3694 deum,
773 3615 887 3699 quibus
906 3616 973 3701 ipse
992 3616 1116 3699 meique

285 3715 357 3769 ante
375 3706 471 3770 larem
489 3710 649 3795 proprium
670 3733 782 3775 vescor
799 3734 974 3795 vernasque
992 3733 1141 3797 procaces

284 3821 381 3885 pasco
399 3800 503 3866 libatis
522 3803 670 3889 dapibusl
688 3815 782 3891 prout
799 3806 912 3889 cuique
930 3805 1026 3871 libido
1046 3816 1102 3882 est,

286 3893 382 3958 siccat
399 3895 580 3980 inaequales
598 3898 711 3964 calices
731 3901 866 3964 conviva·
883 3901 1004 3965 solutus

284 3987 409 4074 legibus
426 3990 560 4068 insanis,
580 4016 637 4057 seu
654 3994 725 4076 quis
744 3994 828 4079 capit
845 3995 929 4058 acria
945 3994 1034 4059 fortis

284 4083 412 4170 pocula,
432 4108 489 4151 seu
505 4088 637 4152 modicis
655 4089 778 4153 uvescit
795 4088 917 4153 laetius.
941 4110 1018 4174 ergo

285 4197 388 4241 sermo
407 4179 517 4256 oritur,
535 4203 597 4244 nou
615 4182 654 4246 de
673 4182 755 4246 villis
773 4181 959 4247 domibusve
981 4182 1100 4256 alienis,

284 4292 343 4334 nec
360 4272 442 4335 male
460 4295 559 4338 necne
576 4275 685 4361 Lepos
704 4276 809 4354 saltet3
829 4275 898 4352 sed,
918 4275 1002 4357 quod
1018 4276 1121 4360 magis
1140 4275 1181 4338 ad
1199 4296 1256 4338 nos

284 4364 420 4449 pertinet
437 4375 468 4430 et
484 4368 606 4433 nescire
623 4370 742 4434 malum
760 4379 822 4447 est,
842 4370 1012 4455 agitamus:
1031 4377 1175 4433 utrumne

285 4458 403 4524 divitiis
420 4459 563 4526 homines
581 4486 623 4527 an
641 4464 702 4528 sint
719 4464 833 4529 virtute
852 4462 948 4541 beati3

286 4552 402 4635 quidve
421 4554 462 4619 ad
479 4555 646 4636 amicitias,
665 4580 742 4623 usus
759 4567 933 4636 rectumne,
952 4556 1054 4622 trahat
1070 4577 1143 4633 nos3
