3225 5442
454 726 660 784 CARMINUM
677 727 752 783 LlB.
765 730 803 784 ll.

263 886 433 972 compescit
450 885 550 960 unda,
570 885 688 949 scilicet
706 886 862 964 omnibus,

261 982 449 1065 quicumque
467 988 567 1043 torrae
585 1001 712 1043 munere
730 980 896 1055 vescimur,

304 1074 513 1159 enavigando,
534 1072 601 1137 sive
617 1095 709 1158 reges

347 1168 413 1232 sive
430 1168 541 1251 inopes
559 1166 675 1230 erimus
695 1167 805 1230 coloni.

260 1307 376 1369 frustra
394 1314 522 1367 cruento
540 1301 645 1366 Marte
664 1302 840 1367 carebimus

260 1399 428 1481 fractisque
445 1396 532 1460 rauci
549 1395 696 1461 fluctibus
715 1396 866 1474 Hadriae,

255 1489 259 1498 ’
301 1493 417 1557 frustra
434 1513 491 1576 per
508 1499 675 1555 autumnos
693 1501 858 1555 nocentem

344 1584 527 1670 corporibus
545 1595 721 1649 metuemus
740 1583 909 1652 Austrum:

259 1723 408 1786 visendus
426 1730 494 1785 ater
510 1720 638 1785 flumine
655 1722 805 1807 languido

261 1816 401 1901 Cocytus
420 1836 541 1890 errans,
561 1823 593 1877 et
608 1813 715 1879 Danai
732 1837 833 1900 genus

299 1910 430 1986 infame,
450 1908 679 1991 damnatusque
697 1909 784 1995 longi

343 2002 500 2088 Sisyphus
517 2000 668 2067 Aeolides
686 2002 817 2079 laboris3

256 2144 425 2226 linquenda
443 2142 551 2216 tellus,
570 2150 602 2204 et
619 2141 732 2205 domus
751 2151 782 2205 et
799 2141 926 2226 placens

256 2262 349 2316 uxor3
367 2259 469 2321 neque
486 2237 612 2313 harum,
632 2259 710 2320 quas
730 2236 821 2314 colis,
840 2235 985 2301 arborum

299 2344 343 2407 te,
362 2341 484 2417 praeter
501 2331 619 2395 invisas
638 2352 814 2415 cupressos,

297 2496 305 2514 ‚
340 2426 404 2489 ulla
421 2425 548 2489 brevem
567 2424 728 2487 dominum
747 2435 903 2508 sequetur.

255 2562 400 2626 absumet
417 2562 507 2626 heres
527 2559 677 2626 Caecuba
694 2561 819 2646 dignior

256 2665 378 2720 servata
395 2665 520 2719 centum
538 2654 695 2732 clavibus,
715 2665 746 2718 et
762 2678 849 2719 mero

298 2749 420 2834 tinguet
436 2749 652 2833 pavimentum
670 2748 816 2834 superbo,

338 2843 519 2928 pontificum
537 2843 657 2928 potiore
676 2843 791 2906 coenis.

472 3068 671 3130 OARMEN
693 3070 769 3129 XV.

352 3267 356 3274 ,
403 3187 442 3263 m
463 3215 524 3265 sm
543 3215 677 3266 sucum
694 3164 837 3266 n'uxuu.

273 3342 341 3405 Iam
359 3364 460 3427 pauca
477 3353 579 3407 aratro
597 3344 707 3429 iugera
723 3343 829 3428 regiae
901 3422 906 3438 ι

273 3435 372 3499 moles
389 3436 580 3518 relinquent,
599 3437 737 3519 undique
754 3434 850 3501 latius

315 3538 441 3593 extenta
457 3530 599 3594 visentur
615 3530 756 3595 Lucrino
794 3602 801 3620 .

358 3632 470 3708 stagna
486 3623 573 3699 lacu,
591 3625 800 3708 platanusque
820 3623 943 3688 caelebs

272 3760 394 3825 evincet
411 3760 528 3825 ulmos:
548 3771 615 3825 tum
633 3762 763 3827 violaria
780 3774 812 3827 et

273 3863 394 3939 myrtus
413 3864 444 3919 et
461 3856 563 3919 omnis
583 3856 674 3941 copia
691 3857 814 3921 narium

313 3958 462 4035 spargent
480 3949 602 4014 olivetis
621 3950 758 4025 odorem,

354 4042 509 4108 fertilibus
528 4043 654 4107 domino
671 4044 780 4127 priori3
840 4043 844 4050 ’

226 4207 229 4213 ·
269 4188 336 4243 tum
355 4181 458 4265 spissa
474 4180 569 4245 ramis
587 4180 695 4244 laurea
713 4178 850 4243 fervidos

270 4275 416 4339 excludet
433 4276 523 4340 ictus.
542 4299 606 4340 non
623 4275 668 4340 ita
684 4272 814 4339 Romuli

311 4368 538 4453 praescriptum
556 4378 588 4433 et
604 4368 721 4433 intonsi
740 4366 872 4433 Catonis

352 4462 501 4547 auspiciis
521 4471 722 4545 veterumque
740 4484 858 4527 norma.

1099 718 1143 784 43
