3225 5442
363 691 364 694 Ὺ
465 729 674 789 crannum
690 730 765 786 nm.
778 731 831 785 111.
920 753 924 760 ·

263 890 380 954 addant
396 909 490 952 avaro
509 886 633 951 divitias
652 888 743 951 mariz

262 994 330 1048 tum
347 1004 397 1047 me
416 981 543 1047 biremis
561 981 718 1065 praesidio
735 981 871 1066 scaphae

305 1086 407 1141 tutum
423 1098 481 1160 per
497 1074 646 1161 Aegaeos
664 1074 816 1139 tumultus

306 1181 312 1193 ‘
347 1193 423 1234 aura
440 1169 520 1234 feret
536 1169 745 1259 geminusque
762 1169 886 1235 Pollux.

484 1429 681 1490 OARMEN
702 1429 813 1489 XXX.

407 1529 413 1541 .
453 1575 510 1623 An
533 1543 844 1624 Mnnrouu'unu.

263 1702 368 1788 Exegi
386 1711 622 1767 monumentum
640 1723 712 1766 aere
729 1700 897 1785 perennius

262 1798 421 1885 regalique
439 1798 502 1862 situ
518 1797 716 1890 pyramidum
734 1797 836 1873 altius,
860 1816 866 1828 ·

263 1893 348 1976 quod
365 1916 429 1957 non
445 1892 546 1957 imber
563 1892 658 1969 edax,
677 1915 742 1956 non
758 1889 878 1974 Aquilo
895 1891 1049 1975 impotens

263 1988 363 2072 possit
380 1987 503 2054 diruere
521 1996 575 2052 aut
592 1986 828 2052 innumerabilis
899 2022 903 2030 ·

263 2146 414 2188 annorum
433 2124 534 2189 series·
547 2132 579 2188 et
595 2122 673 2209 fuga
690 2132 874 2207 temporum.

261 2241 325 2282 non
342 2218 444 2283 omnis
462 2218 589 2295 moriar,
608 2217 769 2300 multaque
786 2239 860 2302 pars
879 2215 940 2281 mei

262 2312 372 2394 vitabit
388 2311 576 2377 Libitinam:
595 2333 696 2395 usque
715 2302 775 2397 ego
792 2320 919 2396 postera

262 2428 401 2471 crescam
417 2387 651 2482 laude‘recena
670 2406 745 2496 dum
765 2404 956 2490 Capitolium

263 2543 392 2607 scandet
408 2564 481 2607 cum
497 2542 593 2607 tacita
609 2542 731 2628 virgine
748 2541 899 2626 pontifex.

262 2636 360 2713 dicar,
380 2658 443 2720 qua
460 2636 580 2702 violens
599 2636 752 2722 obstrepit
768 2635 907 2701 Aufidus

262 2739 293 2793 et
310 2752 372 2813 qua
389 2753 509 2815 pauper
526 2753 626 2814 aquae
642 2730 779 2796 Daunus
798 2731 969 2817 agrestium

261 2826 404 2909 regnavit
421 2824 622 2909 populorum,
642 2847 681 2889 ex
698 2822 808 2888 humili
827 2834 938 2909 potens

261 2959 406 3044 princeps
424 2959 573 3024 Aeolium
591 2983 718 3042 carmen
735 2961 775 3025 ad
793 2961 891 3026 Italos

262 3053 431 3118 deduxisse
448 3054 569 3119 modos.
588 3077 678 3119 sume
696 3054 875 3139 superbiam

262 3139 436 3230 quaesitam
454 3148 587 3226 meritis,
606 3149 732 3213 etmihi
748 3148 906 3233 Delphica

262 3241 350 3305 lauro
369 3242 460 3327 cinge
477 3242 600 3319 volens,
619 3241 834 3327 Melpomene,
854 3263 985 3305 comam.
