3225 5442
536 734 761 793 SATIRARUM
779 737 853 791 LIB.
864 737 886 791 Ι.

192 895 271 959 Bari
288 894 412 960 moenia
428 893 554 978 piscosi.
574 893 646 957 dein
665 890 782 958 Gnatia
799 893 936 979 lymphis

192 989 281 1053 iratis
300 998 459 1053 exstructa
476 988 562 1052 dedit
578 987 722 1069 risusque
740 987 899 1069 iocosque,

153 1143 155 1148 .
192 1084 271 1147 dum
288 1082 416 1145 flamma
434 1081 500 1145 sine
518 1080 611 1145 thura
627 1081 800 1163 liquescere
818 1081 924 1144 limine
943 1103 1032 1145 sacro

190 1177 383 1262 persuadere
402 1176 496 1261 cupit.
515 1175 622 1239 credat
639 1175 776 1239 Iudaeus
794 1174 920 1259 Apella,

191 1293 258 1334 non
275 1292 335 1355 ego
341 1294 350 1347 ;
369 1290 504 1351 namque
522 1269 598 1333 deos
617 1268 711 1333 didici
731 1290 875 1331 securum
894 1290 988 1355 agere
1006 1291 1129 1345 aevum,

191 1386 253 1428 nec
271 1364 299 1427 si
315 1362 393 1446 quid
410 1363 480 1426 miri
498 1362 593 1427 faciat
610 1373 735 1440 natura,
754 1363 831 1426 deos
848 1363 882 1425 id

148 1473 152 1484 ·
192 1459 299 1521 tristes
318 1479 359 1520 ex
376 1456 439 1522 alto
457 1457 535 1521 caeli
554 1457 715 1520 demittere
734 1466 825 1520 tecto.

192 1551 400 1615 Brundisium
417 1550 531 1636 longae
550 1550 620 1614 finis
639 1551 826 1633 chartaeque
845 1551 976 1633 viaeque
995 1562 1052 1615 est.

581 1794 762 1854 SATIRA
785 1795 843 1853 VI.

193 1927 266 1991 Non
284 1927 371 2009 quia,
389 1926 575 2004 Maecenas,
594 1927 759 2011 Lydorum
778 1926 931 2009 quidquid
948 1927 1100 1992 Etruscos

193 2021 324 2085 incoluit
341 2022 434 2098 fines,
453 2044 546 2086 nemo
564 2021 746 2107 generosior
763 2029 812 2084 est
829 2030 869 2097 te,

193 2137 253 2179 nec
270 2116 353 2198 quod
373 2138 451 2180 avus
469 2115 526 2179 tibi
543 2124 703 2180 maternus
721 2115 781 2178 fuit
799 2124 894 2197 atque
912 2125 1072 2199 paternus,

194 2210 270 2274 olim
288 2210 341 2292 qui
359 2210 482 2295 magnis
499 2208 677 2296 legionibus
696 2209 912 2293 imperitarint‚

193 2313 231 2367 ut
247 2303 387 2388 plerique
407 2304 522 2381 solent,
540 2327 620 2368 naso
638 2304 805 2389 suspendis
824 2305 947 2368 adunco

193 2399 335 2485 ignotos,
353 2407 389 2462 ut
406 2420 471 2475 me,
489 2397 634 2462 libertino
652 2409 741 2483 patre
759 2409 877 2462 natum.

194 2515 292 2575 quum
310 2492 425 2555 referre
443 2514 556 2577 negas,
575 2492 660 2574 quali
678 2493 719 2557 sit
736 2492 870 2575 quisque
887 2503 1015 2576 parente

194 2596 302 2663 natus,
321 2585 397 2648 dum
414 2586 585 2672 ingenuus3
602 2587 773 2671 persuades
792 2587 853 2651 boc
870 2587 927 2651 tibi
945 2609 1027 2663 vere,

194 2689 267 2743 ante
285 2687 473 2763 potestatem
491 2679 577 2743 Tulli
594 2690 688 2763 atque
705 2681 845 2766 ignobile
861 2703 994 2767 regnum

193 2773 310 2837 multos
330 2795 422 2859 saepe
442 2774 525 2839 viros
543 2774 637 2839 nullis
655 2775 826 2839 maioribus
845 2786 930 2839 ortos

195 2878 227 2931 et
243 2867 361 2931 aixissc
379 2867 494 2952 probos
513 2867 626 2952 amplis
645 2879 677 2932 et
693 2868 864 2934 honoribus
883 2879 992 2933 auctos
998 2895 1007 2946 3

195 2971 305 3050 contra
322 2961 515 3038 Laevinum,
535 2961 643 3026 Valeri
660 2985 776 3048 genus,
794 2964 880 3028 unde
899 2960 1062 3048 Superbus

195 3054 387 3137 Tarquinius
404 3077 502 3140 regno
519 3056 630 3141 pulsus
648 3058 723 3135 fuit,
742 3058 835 3122 unius
854 3058 934 3122 assis

195 3172 260 3213 non
277 3171 416 3232 unquam
433 3150 533 3235 pretio
551 3150 649 3235 pluris
668 3152 809 3229 licuisse,
829 3161 956 3216 notante

194 3243 298 3307 iudice
316 3265 379 3325 quo
396 3244 479 3308 nosti
495 3245 627 3330 populo,
647 3247 701 3329 qui
719 3247 833 3311 stultus
852 3246 986 3310 honores

196 3358 291 3422 saepe
309 3337 363 3400 dat
379 3336 518 3423 indignis
536 3348 568 3403 et
585 3339 689 3404 famae
708 3341 804 3404 servit
821 3340 955 3424 ineptus,

194 3430 250 3512 qui
268 3439 373 3516 stupet
388 3431 422 3494 in
439 3432 537 3497 titulis
555 3442 588 3496 et
603 3433 804 3519 imaginibus.
824 3434 900 3516 quid
917 3442 1039 3517 oportet

194 3547 253 3588 nos
271 3526 375 3588 facere
394 3549 413 3589 a
429 3526 525 3612 vulgo
543 3526 637 3613 longe
654 3527 810 3614 longeque
828 3528 984 3593 remotos?

194 3640 332 3701 namque
350 3629 432 3697 esto,
450 3621 586 3705 populus
604 3622 749 3686 Laevino
767 3623 875 3687 mallet
891 3623 1042 3687 honorem

195 3735 291 3797 quam
309 3712 412 3777 Decio
429 3716 579 3779 mandare
597 3722 697 3793 novo,
713 3738 886 3801 censorque
904 3726 1042 3781 moveret

195 3807 336 3891 Appius,
355 3807 493 3893 ingenuo
512 3810 620 3875 sinon
638 3832 741 3875 essem
759 3821 848 3896 patre
865 3822 973 3890 natus3

195 3899 245 3963 vel
264 3900 389 3978 merito,
408 3902 556 3985 quoniam
573 3903 607 3967 in
624 3904 750 3989 propria
768 3928 832 3968 non
849 3905 930 3990 pelle
947 3904 1152 3987 quiessem...

195 3993 252 4057 sed
270 3994 412 4080 fulgente
429 3996 524 4061 trahit
541 3998 725 4062 constrictos
744 3998 844 4084 gloria
862 4020 954 4062 amru

194 4109 259 4151 non
276 4088 380 4153 minus
398 4089 523 4176 ignotos
540 4092 712 4177 generosis.
731 4114 794 4174 quo
813 4091 883 4168 tibi,
902 4091 986 4167 Tilli,

195 4204 320 4246 sumere
337 4183 516 4267 depositum
533 4185 658 4249 clavum
676 4186 805 4268 flerique
825 4184 969 4249 tribuno?

194 4273 313 4339 invidia
331 4278 481 4355 accrevit,
499 4279 622 4363 privato
640 4301 721 4363 quae
738 4279 841 4343 minor
858 4288 951 4344 esset.

194 4392 268 4431 nam
287 4371 473 4454 utquisque
490 4373 619 4438 insanus
637 4375 736 4461 nigris
753 4374 891 4439 medium
910 4372 1050 4459 impediit
1069 4394 1139 4435 crus

194 4462 331 4545 pellibus
350 4473 381 4528 et
398 4464 498 4530 latum
515 4466 641 4531 demisit
658 4479 783 4553 pectore
802 4468 935 4547 clavum,
