3225 5442
503 704 537 769 Q.
551 702 715 758 HORATII
728 702 871 759 FLAOGI

324 862 380 925 sed
397 882 460 925 non
477 859 556 925 haec
573 860 651 924 mihi
668 861 731 937 vis,
749 882 809 926 nec
826 860 883 926 tibi
901 862 1011 927 talium

262 1010 267 1019 .
322 977 372 1019 res
391 964 440 1042 est
457 964 512 1018 aut
529 954 652 1018 animus
671 953 853 1026 deliciarum
872 977 980 1040 egens.

321 1050 442 1134 gaudes
460 1048 665 1126 carminibus3
684 1049 823 1113 carmina
840 1072 1011 1134 possumus

254 1176 260 1188 ι
322 1137 451 1219 donare,
470 1141 652 1227 etpretium
671 1142 774 1206 dicere
791 1144 924 1207 muneri.
987 1220 992 1227 ,

322 1317 385 1358 non
402 1294 502 1358 incisa
518 1294 601 1358 notis
619 1317 776 1359 marmora
791 1295 937 1381 publicis,

322 1411 379 1473 per
396 1410 477 1471 quae
495 1388 623 1472 spiritus
642 1397 674 1452 et
691 1388 756 1452 vita
772 1389 853 1454 redit
870 1390 963 1475 bonis

320 1492 393 1568 post
410 1492 542 1546 mortem
560 1483 707 1561 ducibus,
726 1506 790 1547 non
808 1485 925 1549 celeres
944 1486 1039 1571 fugae

321 1577 516 1659 reiectaeque
534 1585 704 1641 retrorsum
721 1577 912 1643 Hannibalis
930 1579 1042 1656 minae,

208 1705 212 1714 ·
324 1668 401 1755 [non
419 1670 563 1734 incendia
582 1669 782 1757 Carthaginis
797 1670 931 1757 impiae]

322 1823 404 1899 eius,
423 1823 476 1905 qui
495 1823 613 1887 domita
630 1845 745 1887 nomen
762 1823 802 1888 ab
820 1823 934 1889 Africa

321 1916 458 1979 lucratus
476 1916 581 1993 rediit,
601 1917 714 1981 clarius
732 1918 872 1981 indicant

320 2010 444 2085 laudes,
463 2032 559 2093 quam
577 2009 731 2075 Calabrae
750 2011 907 2076 Pierides:
925 2009 1046 2096 neque,⁴

321 2104 349 2167 si
367 2103 493 2167 chartae
511 2103 623 2167 sileant
641 2105 725 2187 quod
743 2103 823 2168 bene
841 2105 964 2183 feceris,

321 2256 496 2319 mercedem
513 2255 631 2321 tuleris.
650 2257 726 2340 quid
743 2256 826 2322 foret
842 2258 921 2323 Iliae

320 2349 536 2432 Mavortisque
554 2373 645 2434 puer,
664 2352 692 2415 si
710 2351 903 2416 taciturnitas

320 2443 458 2508 obstaret
475 2444 592 2525 meritis
610 2445 717 2509 invida
733 2444 882 2509 Romuli?

322 2547 463 2621 ereptum
481 2535 603 2624 Stygiis
620 2538 767 2604 fluctibus
784 2537 931 2603 Aeacum

277 2726 280 2733 ·
319 2689 417 2753 virtus
437 2698 468 2753 et
485 2689 576 2753 favor
593 2700 624 2754 et
640 2690 749 2777 lingua
766 2693 941 2776 potentium

318 2793 426 2846 vatum
443 2782 592 2848 divitibus
611 2794 773 2848 consecrat
789 2785 912 2850 insulis·

320 2874 466 2961 [dignum
483 2876 575 2940 laude
593 2876 695 2941 virum
712 2877 810 2942 Musa
827 2888 913 2943 vetat
930 2877 1037 2965 moriz]

319 2970 405 3033 caelo
423 2968 521 3033 Musa
538 2969 619 3035 beat.
639 2971 685 3035 sic
701 2970 788 3035 Iovis
806 2972 937 3037 interest

319 3064 432 3148 optatis
451 3064 551 3149 epulis
569 3064 703 3151 impiger
719 3064 875 3131 Hercules
881 3092 890 3145 3

319 3216 437 3280 clarum
455 3216 654 3301 Tyndaridae
673 3218 760 3282 sidus
779 3218 819 3282 ab
837 3219 953 3285 infimis

279 3354 282 3360 -
318 3333 450 3394 quassas
469 3310 603 3395 eripiunt
620 3311 808 3395 aequoribus
826 3321 923 3392 rates3
975 3326 977 3330 '

319 3415 445 3469 ornatus
463 3405 555 3468 viridi
573 3415 713 3490 tempora
729 3407 879 3491 pampino
934 3477 936 3483 ,

317 3497 416 3562 Liber
432 3508 506 3563 vota
523 3499 622 3564 bonos
642 3500 727 3563 ducit
744 3501 786 3564 ad
802 3501 916 3565 exitus.

542 3836 740 3897 OARMEN
761 3838 823 3896 IX.

407 3997 459 4045 An
478 3998 516 4046 M.
536 3996 704 4049 nonarum
722 3998 956 4049 raucarum.
1055 3985 1059 3997 '

316 4135 364 4201 Ne
382 4138 462 4203 forte
480 4137 589 4204 credas
607 4139 781 4216 interitura,
800 4161 881 4223 quae

316 4230 409 4318 longe
428 4242 592 4298 sonantem
608 4242 701 4304 natus
719 4235 760 4297 ad
776 4233 932 4298 Aufidum

359 4349 422 4391 non
439 4337 511 4392 ante
528 4328 672 4414 vulgatas
690 4351 747 4415 per
764 4339 846 4393 artes

281 4423 283 4427 ’
401 4420 498 4485 verba
513 4422 624 4504 loquor
641 4424 789 4487 socianda
806 4422 946 4522 chordisq
