3225 5442
588 708 616 760 Q.
635 708 756 751 nouam
773 708 877 751 mcci
1203 710 1277 755 XLV

183 820 251 875 tiam
261 818 723 899 facilepercipsretetassequqre-
742 824 794 874 est.
824 820 871 874 De
890 820 993 901 quibus
1006 820 1078 875 locis
1092 822 1189 877 ordine
1204 824 1279 877 dein-

182 895 238 942 tur.
264 888 366 942 Poesis
376 893 471 941 autem
482 888 609 942 Graecae
623 888 725 941 notitia
744 905 775 941 ce
797 905 919 957 spaucrs
930 889 1116 957 explicavisse
1125 890 1242 945 iuvabit.

181 954 723 1023 hauddubieiamdudumimbutusfuit,
783 961 869 1026 taque
879 956 997 1026 primum
1008 957 1121 1026 quidem
1131 958 1181 1011 dili
1202 965 1281 1013 enter

183 1024 415 1095 quandoquidem
435 1022 492 1076 Sat.
507 1024 530 1076 1.
544 1024 586 1091 10,
600 1024 643 1076 30.
661 1039 724 1077 sese
742 1024 1171 1095 animadvertendumest,quoda
1192 1026 1280 1081 Hora·

182 1098 281 1147 narrat
293 1092 349 1145 iam
364 1091 431 1145 olim
445 1092 655 1145 adolescentem
664 1107 724 1144 ver·
742 1092 811 1145 tium
821 1098 898 1146 recte
908 1092 1113 1146 aestimandum
1127 1111 1280 1162 sanequam

183 1179 233 1215 sus
256 1160 384 1215 Graecos
406 1175 533 1228 pangere
559 1157 724 1211 instituisse.
742 1160 1281 1229 plurimumvalotpoetamextitisseau·

181 1230 284 1298 ltaque
299 1227 380 1281 sicuti
396 1228 508 1280 omnino
522 1226 640 1296 lyricum
657 1243 724 1296 poe·
744 1235 851 1281 ctorem
866 1234 895 1281 et
908 1237 1053 1297 parentem
1069 1228 1202 1282 dictionis
1215 1229 1281 1298 lyri-

184 1297 225 1349 sis
239 1311 330 1365 genus
345 1294 494 1349 eGraecia
507 1294 536 1347 in
546 1294 660 1348 Latium
668 1300 723 1348 tra·
743 1312 802 1364 cae,
810 1296 1047 1365 qualemliomani
1058 1297 1095 1349 ad
1103 1296 1181 1350 illam
1190 1314 1280 1366 usque

183 1365 289 1418 ducere
299 1362 375 1432 apud
385 1362 508 1416 animum
519 1362 673 1430 constituit,
683 1362 724 1415 ita
742 1369 864 1417 aetatem
878 1364 1003 1417 nondum
1016 1365 1170 1420 novissent.
1197 1365 1281 1429 Quod

180 1431 310 1501 inprimis
320 1430 405 1485 etiam
415 1430 589 1487 Graecorum
598 1435 686 1483 artem
696 1436 725 1483 et
743 1430 817 1485 enim
827 1432 931 1484 dudum
941 1431 997 1484 illis
1007 1432 1180 1500 temporibus
1187 1449 1281 1486 sense-

182 1498 417 1568 compositionem
436 1515 470 1552 ea
487 1497 517 1551 in
534 1515 564 1552 rc
581 1499 723 1551 aemulan·
742 1505 808 1552 rant
819 1499 872 1551 viri
886 1499 1042 1568 clarissimi,
1052 1500 1167 1554 Asinius
1177 1501 1280 1568 Pollio,

182 1568 248 1621 dam
263 1583 327 1621 esse
341 1566 494 1620 arbitratus
508 1571 558 1620 est
586 1566 669 1630 Quod
683 1572 723 1619 ta·
741 1566 855 1633 Varius,
865 1566 1011 1646 Virgilius,
1022 1574 1051 1621 et
1060 1574 1125 1622 ante
1136 1585 1186 1622 eos
1196 1568 1281 1622 ctiam

181 1652 248 1689 meu
266 1651 439 1704 magnopere
459 1635 616 1687 cavendum
630 1639 675 1687 est
687 1651 723 1687 ne
743 1633 871 1688 Catullus
890 1635 1009 1704 abique,
1027 1636 1160 1689 Latinum
1178 1653 1280 1690 sermo·

180 1704 275 1773 ipsum
295 1703 336 1755 sic
353 1702 457 1756 iecisse
475 1701 674 1769 existimemus,
692 1708 725 1754 ut
742 1720 806 1757 nem
815 1708 914 1771 utpote
924 1702 1095 1771 asperiorem
1104 1704 1205 1771 adhuc,
1217 1704 1280 1759 hor·

180 1771 289 1841 lyricos
301 1770 427 1825 Graecos
437 1786 534 1839 presse
541 1776 677 1839 sequutus
688 1769 724 1823 sit
741 1770 874 1823 ridiorem
884 1776 913 1824 et
921 1770 1098 1825 incultiorem
1112 1773 1149 1825 ad
1158 1772 1280 1826 recentis

181 1854 337 1908 eorumque
345 1836 584 1891 carminaLatinis
594 1837 723 1891 versibus
742 1838 843 1892 aetatis
858 1838 1029 1907 elegantiam
1048 1839 1281 1893 conformandum

181 1905 324 1961 serviliter
336 1905 498 1959 reddiderit.
524 1906 585 1958 Imo
601 1905 678 1975 quod
688 1906 722 1958 do
742 1910 834 1974 esse,1
853 1905 928 1959 idem
945 1906 1073 1975 inprimis
1092 1908 1176 1961 otiam
1190 1908 1281 1961 Hora·

180 1972 722 2096 Epodissuisipsumqrofiterimemini·
740 1974 796 2027 tius
817 1973 871 2027 sibi
892 1981 1083 2043 persuaserat.
1120 1975 1175 2040 Qui
1196 1991 1282 2054 quum

179 2060 242 2096 mus
252 2041 375 2110 Epistol.
396 2042 473 2110 .19,2
492 2080 508 2107 .,
519 2058 581 2095 sese
591 2058 722 2094 numeros
740 2042 795 2095 iam
813 2041 843 2094 in
856 2041 965 2110 Epodis
979 2048 1009 2095 et
1024 2040 1122 2095 Satiris
1136 2042 1193 2095 suis
1206 2044 1281 2096 idem

200 2110 298 2164 uidem
306 2109 475 2180 animosque
485 2109 651 2163 Archilochi
660 2110 721 2163 red·
742 2109 1281 2190 sequutusesset,tuminprimisinpoesi

202 2179 291 2231 ‘disse
300 2195 354 2232 nec
363 2194 430 2231 vero
440 2194 486 2231 res
501 2182 530 2233 et
539 2177 655 2247 agentia
663 2194 721 2229 ver·
741 2179 831 2247 lyrica
841 2177 930 2230 sensit
944 2194 1004 2230 erus
1018 2177 1058 2231 rei
1072 2177 1280 2245 necessitatem,

180 2248 220 2301 ba
227 2246 404 2325 Lycamben,
419 2245 494 2299 idem
509 2245 569 2299 sine
579 2246 665 2299 dubio
676 2244 722 2298 hic
742 2246 847 2315 quippe
867 2244 947 2298 cuius
966 2262 1066 2298 sensus
1084 2245 1228 2299 molliores
1247 2262 1281 2298 ac

182 2312 473 2385 quoqueipsifurtpro
495 2313 606 2367 ositum.
624 2313 724 2367 Voluit
740 2312 918 2367 venustiores
933 2311 1109 2383 requirerent
1118 2313 1215 2382 utique
1229 2313 1281 2365 lin-

181 2383 256 2436 enim
268 2384 364 2451 fidicen
377 2384 451 2449 lyrae
490 2399 599 2434 omanus
618 2379 722 2449 (Carm.
741 2380 1280 2451 guamtersiorem,flexibiliorematque

180 2450 232 2505 IV.
241 2450 267 2518 3,
278 2449 332 2517 23.)
344 2449 493 2570 velpdicen
502 2451 611 2502 Latinas
620 2449 722 2521 (Epist.
742 2447 952 2518 elegantiorem.
980 2449 1169 2512 Quamobrem
1178 2449 1226 2503 iile
1237 2466 1281 2501 su-

181 2517 203 2571 1.
223 2519 265 2586 19,
280 2517 336 2585 33.)
355 2517 394 2570 ha
416 2516 464 2586 eri,
484 2518 532 2588 qui
550 2516 722 2571 Graecorum
741 2535 786 2571 am
806 2517 860 2570 sibi
883 2516 1035 2570 dictionem
1052 2525 1195 2588 tamquam
1217 2534 1280 2586 pro·

181 2591 242 2640 arte
258 2590 289 2639 et
303 2584 446 2655 elegantia
460 2602 522 2638 cum
531 2584 722 2639 Romanorum
760 2586 830 2639 riam
854 2584 976 2654 effinxit,
999 2587 1083 2655 quale
1106 2585 1175 2655 quid
1197 2585 1281 2638 etiam

180 2670 259 2707 more
271 2658 300 2707 et
309 2652 424 2722 ingenio
432 2652 596 2707 consociata
604 2654 722 2723 popula·
770 2652 959 2722 lopstockium
990 2659 1146 2707 nostratem
1178 2653 1281 2707 fecisse

180 2721 261 2775 ribus
281 2720 339 2773 suis
360 2720 488 2775 Graecae
507 2719 647 2775 Camenae
665 2738 722 2773 mu·
742 2726 862 2788 constat,
874 2728 1064 2790 quotempore
1078 2721 1211 2790 princeps
1222 2738 1280 2773 car-

180 2806 252 2843 nera
279 2788 469 2857 impertiisset.
504 2789 605 2858 Itaque
632 2789 722 2843 neuti·
741 2790 817 2842 mina
826 2789 915 2858 lyrica
923 2805 1048 2858 pangere
1063 2806 1149 2842 ausus
1159 2794 1203 2843 est
1213 2788 1280 2842 Ger·

182 2874 269 2928 quam
288 2856 431 2910 scribendi
449 2873 481 2910 ar
521 2863 615 2911 menta
632 2857 669 2910 ab
688 2857 722 2910 iis
741 2857 831 2910 manis
841 2863 927 2910 antea
935 2857 1063 2910 inaudita
1072 2862 1101 2910 et
1111 2858 1147 2910 ad
1155 2862 1280 2914 veterum

180 2930 281 2978 mutua
295 2924 401 2992 sumsit,
418 2925 469 2978 sed
506 2941 654 2978 raecorum
667 2924 723 2977 vim
743 2925 1151 2979 Graecorumartemrationem
1173 2940 1280 2977 uecon-

182 3000 270 3062 atque
290 2992 418 3060 spiritum
435 2992 572 3061 reddidit,
592 3009 648 3062 quo
667 2993 722 3045 Ro·
741 2993 871 3047 formata.
890 2993 974 3057 Quod
984 2991 1098 3061 quidem
1109 2941 1214 3059 duplici
1224 3006 1281 3043 mo-

181 3060 258 3114 mani
286 3075 398 3129 quoque
420 3059 560 3114 haberent
595 3077 651 3130 quo
675 3060 723 3114 ali·
742 3063 778 3114 do
798 3059 905 3127 effecit,
925 3058 1155 3130 quandoquidem
1179 3073 1281 3111 sermo·

182 3127 300 3199 quando
310 3133 454 3197 tamquam
466 3134 553 3196 poeta
565 3101 656 3198 lyrico
672 3146 722 3182 suo
741 3146 805 3183 nem
826 3128 947 3207 patrium
964 3133 1024 3179 tum
1047 3143 1081 3179 ex
1104 3125 1205 3193 opibus
1226 3124 1282 3203 ipsi

182 3196 398 3267 gloriarentur.1
427 3196 488 3248 Iam
501 3212 569 3249 vero
588 3196 645 3249 hoc
658 3214 723 3265 pro·
740 3196 863 3265 propriis
886 3194 1081 3262 locupletavit,
1109 3198 1168 3245 tum
1196 3196 1281 3244 stram

181 3264 308 3333 positum
326 3268 358 3315 ut
376 3269 587 3333 assequeretur,
605 3263 724 3333 primum
742 3262 880 3317 orationis
913 3260 1118 3330 compositione
1151 3259 1281 3313 callidius

150 3334 153 3338 ’
182 3331 299 3401 quidem
313 3330 465 3384 dictionem
479 3331 595 3400 lyricam
604 3331 722 3401 effinxit,
742 3333 779 3386 ad
790 3331 964 3386 Graecorum
972 3346 1054 3381 usum
1064 3334 1093 3381 et
1103 3328 1281 3382 consuctudi-

183 3399 263 3470 quali
272 3398 426 3467 populares
437 3399 497 3452 eius
506 3405 565 3452 tum
580 3403 664 3458 etiam
678 3417 722 3453 ca·
741 3417 806 3453 nem
816 3403 1005 3466 attemperata
1013 3396 1108 3449 multis
1118 3396 1209 3450 modis
1219 3413 1281 3464 per-

181 3467 300 3534 rebant;
320 3466 421 3520 deinde
431 3465 536 3536 lyricos
546 3474 723 3521 numerosat-
741 3465 988 3521 iscitetexcoluit.
1016 3464 1100 3528 Quod
1110 3465 1223 3535 quidem
1232 3481 1281 3533 po·
1341 3524 1345 3532 ¹

182 3532 723 3605 queversusadGraecorumexemplum
743 3536 844 3589 sterius
854 3551 889 3588 ea
902 3533 971 3586 fecit
984 3533 1113 3612 audacia²
1131 3538 1164 3585 ut
1182 3532 1280 3585 dictio·

183 3601 359 3671 composuit3
372 3618 455 3670 porro
466 3620 558 3656 rerum
568 3620 601 3656 ac
612 3610 723 3656 senten·
741 3620 806 3667 uem
818 3619 935 3669 omnem,
951 3606 1130 3671 quantumvis
1139 3600 1281 3667 Latinam,

182 3671 287 3724 tiarum
305 3670 454 3723 multarum
472 3686 553 3723 usum
571 3687 588 3724 a
604 3670 723 3725 Graecis
741 3678 836 3725 tamen
859 3669 988 3723 Graecae
1015 3668 1130 3738 linguae
1156 3668 1282 3721 indolem

181 3738 338 3806 repetitum
358 3754 410 3806 pro
429 3738 531 3791 aetatis
555 3755 622 3792 suae
646 3739 724 3791 cultu
742 3744 828 3808 atque
838 3743 967 3791 naturam
975 3754 1044 3805 prae
1055 3754 1084 3790 se
1094 3736 1233 3790 ferentem
1242 3733 1282 3788 ef·

183 3823 248 3860 cum
257 3805 392 3858 Romanis
408 3805 634 3874 communicavit;
647 3806 722 3859 deni·
741 3805 861 3859 finxerit
888 3805 1028 3869 Quocirca
1038 3822 1103 3858 vere
1118 3818 1281 3858 asseverare

183 3890 240 3945 que
251 3873 335 3928 etiam
345 3880 572 3942 argumentorum
582 3874 723 3927 tractatio·
741 3874 822 3941 licet,
841 3873 981 3926 neminem
1004 3889 1173 3942 quemquam
1191 3871 1281 3923 Hora·

181 3959 249 3995 nem
268 3948 353 4062 atque
373 3941 606 4009 compositionem
625 3942 722 3994 carmi·
741 3939 1281 4010 tiicarminaunquamrecteintellectu·

181 4027 252 4064 num
280 4026 297 4062 a
344 4008 517 4063 Graecorum
547 4009 724 4078 potissimum
742 4026 889 4076 ramesse,
908 4003 1281 4078 nisiquiitemGraecadi·

183 4076 343 4146 exemplum
365 4075 545 4130 artificiosius
562 4078 723 4131 moderatus
742 4077 843 4131 dicerit
899 4076 988 4130 aviter
1000 4074 1183 4194 inprimisque
1198 4071 1281 4149 etiam

184 4164 358 4179 ··-···“·
763 4150 843 4199 oetas
881 4160 982 4197 raecos
998 4160 1027 4196 se
1049 4142 1280 4196 ulotractaverst.

763 4219 815 4266 unt
824 4212 897 4266 enim
907 4210 1001 4264 omnia
1009 4212 1095 4288 plena
1106 4205 1280 4262 Graecismo·

209 4200 221 4238 1
235 4199 270 4236 De
280 4198 357 4237 studiis
371 4197 458 4238 Graccis
467 4198 552 4237 Horatii
563 4210 585 4238 v.
595 4196 659 4238 astro
672 4199 723 4238 Pro·
741 4163 761 4267 ἒ

181 4250 328 4298 sopogrsphis
345 4249 421 4289 Horat.
439 4261 461 4299 p.
480 4252 517 4289 122
531 4261 577 4298 sqq.
598 4249 723 4289 Grotesend.
867 4280 874 4292 .

181 4301 315 4340 Vitsiiorat.
321 4300 468 4349 iuIincyclop.
475 4301 532 4339 Hali.
542 4302 600 4340 1⁸33.
606 4311 628 4349 p.
634 4302 723 4350 coasqq.
742 4298 812 4350 rum,
827 4298 876 4399 (qu
889 4280 934 4331 Vll]
959 4278 1129 4341 odicuntur,
1144 4273 1280 4337 referunt·

181 4354 275 4391 essm.
289 4352 312 4389 in
321 4352 402 4391 meos.
413 4352 440 4390 au
452 4352 544 4401 Epistol.
558 4352 611 4391 nor.
621 4355 667 4391 not.
677 4354 723 4391 181.
736 4365 797 4418 que
820 4363 906 4417 pane
957 4344 1034 4398 rasni
1057 4342 1193 4397 sermonis
1216 4357 1280 4412 pro-

181 4402 725 4503 attitulasti·iteratiutaaea
742 4416 900 4485 meatem,
916 4412 1029 4483 qualem
1041 4411 1061 4464 i
1075 4417 1183 4464 antam
1192 4409 1280 4481 perci·

181 4507 223 4545 vix
232 4505 350 4555 inchoavit,
361 4506 440 4545 nedum
449 4505 558 4553 absolvit).
745 4489 941 4544 mci.
951 4502 1035 4541 Poctar.
1044 4500 1092 4540 Lat.
1102 4499 1157 4539 Rcll.
1163 4510 1184 4549 p.
1190 4500 1228 4539 ³2¹1
1233 4509 1279 4549 sqq.
