3225 5442
612 717 640 767 o.
659 717 779 758 nouarn
797 716 903 757 rancor
1205 714 1299 760 xxlx

204 823 664 879 efficienduminterseconiuncta.
678 826 742 880 Ete-
761 830 819 879 tum
833 826 861 878 in
883 826 959 881 rimis
973 825 1031 882 Sat
1041 827 1077 881 II.
1088 828 1116 896 l,
1131 828 1173 881 39.
1192 827 1299 896 profes·

203 893 261 945 nim
279 894 390 961 legerat
406 893 543 947 Horatius
561 894 743 963 praestantis·
763 899 861 947 susest
890 894 1100 949 ‘aususverbisz
1118 899 1171 951 Sed
1178 899 1217 949 lic
1225 899 1300 949 stilus

204 961 276 1015 sima
291 960 465 1015 Graecorum
479 979 574 1030 opera,
592 961 621 1014 in
641 961 743 1032 quibus
761 964 831 1014 laud
845 972 912 1031 petet
929 967 1000 1016 ultro
1014 982 1167 1044 quemquam
1182 966 1300 1017 naiman·

203 1030 304 1083 eadem
323 1046 368 1082 ars
390 1045 523 1107 expressa
541 1031 678 1096 cernitur,
698 1046 743 1082 co·
762 1038 820 1093 tem,
830 1039 852 1081 et
863 1048 902 1083 me
911 1033 991 1083 ueluti
998 1034 1119 1084 custodiet
1129 1034 1196 1084 ensis
1205 1034 1300 1100 vagina

203 1102 344 1166 gnoverat
357 1097 483 1166 inprimis
496 1098 627 1151 Platonis
641 1113 743 1150 sermo·
762 1106 857 1162 tectus,·
880 1116 953 1168 quem
975 1116 1023 1150 cur
1044 1102 1201 1168 destringere
1223 1118 1302 1152 coner

202 1182 264 1233 nes,
274 1165 304 1217 in
314 1164 417 1234 quibus
431 1164 461 1219 in
476 1183 582 1219 summa
595 1183 687 1219 rerum
697 1182 742 1218 va·
762 1174 831 1218 tutus
844 1166 877 1218 ab
889 1166 987 1232 infestis
1002 1168 1163 1220 latronibus?
1193 1168 1215 1219 0
1226 1177 1302 1236 puter

202 1234 305 1287 rietate
316 1239 401 1302 atque
416 1233 499 1302 copia
508 1241 601 1287 tamen
613 1239 742 1286 constan·
761 1243 784 1285 et
798 1251 845 1286 rea
857 1235 982 1302 Iuppiter,
997 1244 1024 1285 ut
1034 1244 1125 1303 pereat
1136 1237 1248 1304 positum
1257 1255 1300 1287 ro·

201 1308 246 1355 ter
256 1301 328 1354 hacc
338 1301 383 1355 lex
393 1302 569 1369 observatur,
580 1308 612 1354 ut
621 1301 742 1370 denique
762 1302 845 1369 bi'qine
855 1304 941 1370 telum,
955 1319 1002 1354 nec
1012 1305 1147 1372 quisquam
1156 1312 1247 1356 nocent
1256 1321 1300 1355 cu-

202 1368 298 1422 omnia
333 1373 417 1437 atquc
450 1370 562 1439 singula
594 1370 632 1423 ad
657 1387 742 1422 unum
759 1371 820 1437 pido
830 1370 890 1421 aiiii
915 1370 984 1422 ucri!
1002 1371 1174 1433 Quibuscum
1186 1376 1300 1425 conten-

202 1437 328 1507 aliquem
353 1435 438 1491 finem
470 1438 585 1507 dialogo
614 1437 741 1506 proposi·
762 1437 813 1489 das
823 1437 873 1489 illa
905 1437 1113 1508 at.I.4,78sqq.
1131 1439 1299 1509 Itaquenon

202 1510 264 1558 tum
278 1505 392 1575 egregie
411 1505 581 1559 conveniant
596 1522 685 1575 eaque
699 1523 742 1559 ra·
762 1506 1299 1576 desaevitobinrgando,nonmaledicit,

203 1573 282 1626 tione
297 1573 471 1627 admirabilis
489 1574 662 1642 singularum
679 1590 742 1642 par·
760 1574 971 1640 nonvulnerat3
990 1575 1040 1628 scd
1053 1575 1139 1627 utitur
1148 1576 1207 1630 fere
1219 1577 1300 1629 urba·

202 1641 273 1693 tium
292 1641 490 1695 convenientia
504 1659 538 1695 ac
552 1642 638 1695 totius
648 1641 742 1710 operis
760 1641 849 1694 nitate
859 1640 1102 1711 ingenuohominc
1113 1645 1200 1713 digna
1210 1661 1300 1723 caque

201 1709 297 1763 unitas
324 1709 472 1778 efficiatur,
497 1726 569 1778 quae
592 1710 629 1762 ad
646 1726 742 1761 unum·
761 1726 824 1761 eum
837 1709 997 1763 admirabili
1015 1711 1111 1790 lepore
1131 1720 1159 1765 et
1172 1728 1299 1765 acumine

203 1778 338 1847 quodque
353 1777 420 1830 artis
432 1794 503 1847 opus
517 1777 629 1831 nomine
640 1794 691 1830 suo
702 1777 742 1830 di·
761 1778 933 1831 consociata.
966 1779 1106 1842 Quocirca
1121 1780 1222 1849 pungit
1241 1779 1299 1849 qui-

201 1846 491 1925 gnumnecessariorc
513 1846 619 1899 uiritur.
633 1845 742 1898 Horum
761 1846 823 1899 dem
834 1863 893 1913 cos,
908 1846 1066 1916 quimeutis
1081 1848 1221 1901 medicina
1230 1847 1300 1900 indi-

201 1914 290 1983 rgitur
300 1914 456 1984 exemplum
471 1864 524 1967 sibi
536 1915 589 1968 hac
603 1914 631 1966 in
641 1930 671 1967 rc
680 1931 741 1983 per·
760 1919 855 1983 gcant,
867 1914 1091 1969 adhibitisetiam
1098 1916 1204 1968 salibus
1215 1921 1299 1984 atque

201 1981 741 2052 pctuointuendumdiligenterqueimi-
760 1982 914 2051 nasturtio,
934 1983 984 2036 sed
1007 2000 1064 2036 non
1088 1983 1185 2036 stricto
1203 1983 1300 2053 gladio

201 2050 741 2120 tandumesseiudicavit,siquidemsati·
760 2050 930 2117 insectatur,
952 2050 1053 2104 ludens
1071 2051 1217 2105 veritatem
1236 2067 1300 2119 pro·

201 2118 242 2170 ris
252 2117 311 2171 suis
321 2135 404 2172 verae
414 2118 507 2172 laudis
517 2118 646 2187 poeticae
658 2118 741 2170 virtu·
760 2117 824 2185 fert,
840 2118 1075 2188 quemadmodum
1089 2118 1149 2188 ipse
1165 2134 1226 2172 sese
1236 2136 1299 2187 pro·

201 2186 741 2256 tempararevellet3cuiusoperiscona-
760 2184 856 2239 fitetur
879 2188 986 2238 ridendo
1013 2188 1097 2238 dicere
1119 2205 1220 2249 veram,
1247 2202 1300 2239 nec

202 2261 247 2307 tus
254 2254 618 2324 sinedubioipsifelicissimc
626 2255 741 2308 cessisse
761 2270 827 2307 vero
838 2253 1030 2307 debacchatur
1038 2253 1067 2306 in
1077 2253 1154 2321 vitia,
1170 2253 1251 2307 sicuti
1260 2254 1301 2307 fa·

202 2323 463 2377 existimanduscst
481 2322 742 2378 Verumsatishacc
761 2338 824 2373 cere
843 2322 937 2374 solent
955 2322 1060 2375 austeri
1079 2339 1113 2376 ac
1123 2322 1300 2391 superciliosi

202 2392 238 2445 de
254 2391 402 2444 satirarum
416 2396 559 2460 tamquam
574 2390 690 2444 materia
700 2396 740 2443 at·
759 2405 867 2441 morum
881 2389 1022 2459 magistri,
1041 2390 1143 2444 leniter
1158 2391 1299 2459 admonet,

202 2475 258 2528 que
270 2460 359 2528 sylva,
369 2459 398 2511 in
409 2459 631 2528 quadeligenda,
639 2475 741 2537 conge·
760 2456 854 2526 lepide
873 2458 1030 2525 cavillatur,
1049 2459 1157 2512 urbane
1180 2457 1299 2527 iocatur,

200 2527 291 2580 renda
306 2536 335 2580 ct
349 2527 507 2580 ordinanda
516 2534 605 2596 pocta
620 2544 687 2580 sane
701 2534 741 2579 rta
760 2528 844 2578 etiam
865 2542 931 2578 suos
950 2526 1039 2594 ipsius
1058 2543 1164 2581 naevos
1179 2526 1298 2580 subinde

200 2600 331 2647 versatus
342 2603 393 2661 est,
403 2595 488 2647 uthis
500 2593 672 2649 carminibus
683 2595 740 2647 suis
759 2609 896 2662 perquam
922 2594 1045 2664 ingenue
1075 2601 1210 2664 tangens,
1241 2611 1300 2648 non

201 2663 375 2731 singularem
390 2663 533 2731 quandam
542 2662 611 2715 artis
655 2662 740 2716 atiam
760 2662 952 2715 amarulentac
966 2661 1125 2716 dicacitatis
1143 2663 1220 2715 virus
1234 2679 1298 2717 evo-

200 2736 231 2784 et
250 2730 520 2784 commendationem
540 2730 621 2783 conci
635 2730 740 2784 'averit
760 2729 811 2781 mit
836 2734 887 2782 aut
912 2730 1035 2798 maligne
1066 2730 1134 2785 iacit
1157 2731 1299 2798 convicia,

200 2797 335 2868 Sequitur
353 2805 385 2849 ut
398 2797 482 2851 etiam
496 2798 645 2851 dicendum
659 2798 696 2851 sit
705 2799 739 2851 dc
760 2796 882 2867 denique
900 2798 1007 2877 ubique
1026 2798 1053 2851 lo
1076 2799 1152 2851 uitur
1170 2815 1232 2851 cum
1249 2798 1300 2851 illa

199 2867 313 2920 illarum
326 2839 417 2919 tbrma
433 2872 517 2935 atque
529 2865 739 2934 compositione.
758 2866 919 2919 urbanitate
930 2867 1057 2920 atrronia
1089 2866 1221 2935 ocratica,
1233 2883 1299 2937 qua·

199 2936 345 2988 Eamvero
351 2940 438 3003 poeta
447 2934 513 2987 item
522 2934 739 3002 prudentissime
759 2933 851 2986 lcmin
862 2934 991 2987 Platonis
1008 2935 1128 3003 dialogis
1138 2950 1300 3004 expressam

200 3002 310 3081 delegit
326 3004 424 3069 talem,
446 3002 538 3071 qualis
556 3004 658 3056 aetatis
673 3019 739 3055 suae
759 3001 907 3070 cernimus,
921 3007 953 3054 ut
962 3018 1051 3070 prope
1066 3003 1300 3071 iuterlegendum

200 3070 366 3137 eruditioni,
386 3069 532 3123 doctrinae
561 3070 739 3137 humanitati,
758 3069 1301 3139 audirevideamurbenevolumaliquem

200 3139 323 3259 denique
334 3138 492 3208 elegantiae
503 3155 518 3191 c
530 3111 739 3192 Graecisfonti·
758 3137 925 3191 monitorem
944 3138 1037 3205 lepide
1060 3138 1213 3207 iocoseque
1237 3154 1300 3191 cum

200 3206 255 3261 bus
285 3212 368 3260 actae
383 3206 487 3275 optime
502 3206 652 3260 convenire
665 3207 739 3260 vide·
759 3205 823 3257 aliis
834 3204 1064 3258 confabulantem
1077 3205 1167 3273 iisque
1182 3221 1244 3257 cum
1254 3222 1298 3259 ca·

201 3280 287 3327 retur.
318 3275 380 3338 Quo
398 3274 511 3328 nomine
530 3274 647 3342 primum
665 3291 739 3327 men·
759 3272 905 3326 villatione
916 3273 1039 3341 quadam
1053 3271 1188 3326 salutaria
1198 3290 1298 3341 suppe-

202 3342 279 3396 tione
286 3342 401 3411 dignum
409 3342 539 3411 illudest,
547 3343 739 3412 quodomnem
759 3340 895 3393 ditantem
909 3342 983 3393 vitae
998 3341 1071 3395 bene
1089 3341 1299 3411 prudenterque

203 3426 362 3464 sermonum
376 3411 500 3465 colorem
514 3419 600 3481 atque
611 3410 740 3463 habitum
759 3409 889 3478 agendae
913 3409 957 3461 vel
979 3408 1149 3463 iudicandae
1172 3408 1299 3463 consilia.

204 3478 395 3533 sollertissime
406 3480 443 3533 ad
451 3479 529 3532 illam
543 3480 630 3533 veluti
641 3484 739 3533 attem-
760 3476 900 3540 Quocirca
909 3475 950 3530 ita
958 3476 1000 3544 fit,
1006 3484 1037 3530 ut
1048 3477 1150 3531 satirae
1160 3476 1220 3530 eius
1232 3494 1299 3545 pau-

205 3546 319 3615 peravit.
346 3545 534 3601 Satiraeenim
544 3565 645 3600 munus
656 3565 739 3616 quum
759 3545 878 3597 cissimis
897 3544 968 3597 locis
988 3545 1112 3615 exceptis
1134 3546 1204 3598 nihil
1223 3546 1299 3600 fellis

206 3615 286 3669 iacile
307 3614 417 3669 videret
435 3616 541 3685 duplici
562 3615 739 3685 potissimum
759 3612 990 3680 amarioris‚nihil
1000 3613 1155 3683 petulantis
1163 3614 1298 3667 mordaci·

207 3682 247 3735 ria
256 3683 402 3737 etrationc
412 3684 519 3751 expleri
526 3700 621 3755 posse,
632 3691 664 3736 ut
672 3684 741 3736 vitia
758 3682 824 3735 tatis
834 3681 949 3749 habere,
960 3698 994 3734 ac
1004 3681 1158 3735 nonnullae
1164 3684 1256 3749 etiam,
1267 3688 1299 3735 ut

208 3757 231 3805 rt
249 3767 359 3805 errores
378 3751 522 3806 bominum
539 3757 591 3806 aut
608 3752 738 3806 acerbius
757 3749 1028 3817 iterBrundisinnm,
1045 3751 1103 3803 sale
1114 3749 1226 3804 satirico
1236 3768 1299 3819 pro-

209 3823 368 3872 rotarentur
381 3824 467 3889 atque
484 3819 658 3889 petulantius
678 3836 740 3875 exa·
758 3818 909 3887 pemodum
928 3833 1023 3871 carere
1043 3823 1072 3871 et
1088 3817 1237 3870 ridiculum
1250 3835 1298 3886 po—

210 3886 367 3955 gitarentur,
390 3893 439 3941 aut
450 3886 571 3956 imagine
586 3905 681 3941 eorum
703 3888 740 3941 ob
758 3887 814 3940 tius
834 3903 918 3956 quam
936 3885 1091 3938 irrisionem
1105 3885 1210 3939 referre
1225 3885 1298 3938 vide-

211 3956 301 4008 rculos
323 3955 417 4024 posita
442 3955 533 4009 lenius
559 3956 740 4009 traduceren·
759 3960 852 4008 antur.
882 3954 925 4005 Ex
944 3953 1047 4023 quibus
1066 3953 1196 4007 omnibus
1215 3952 1298 4007 facile

213 4039 247 4075 ur
268 4023 433 4092 urbaneque
454 4023 627 4090 riderentur,
650 4022 742 4075 noluit
758 4022 936 4091 intelligitur,
965 4038 1048 4090 quarn
1076 4020 1218 4073 dissimilis
1244 4020 1299 4073 hoc

213 4106 257 4144 iac
282 4090 312 4143 in
345 4096 425 4160 parte
458 4090 562 4144 imitari
590 4090 740 4157 Lucilium,
759 4090 872 4143 nomine
900 4088 1036 4141 Horatius
1064 4088 1101 4140 sit
1121 4087 1248 4140 Iuvenali
1271 4094 1299 4141 et

214 4156 251 4228 qui
278 4157 439 4227 scripsisset
463 4158 623 4213 mordacius
651 4164 680 4211 ct
701 4158 741 4210 in·
760 4156 869 4224 Persio,
880 4156 928 4225 qui
942 4173 1026 4226 quum
1036 4157 1073 4209 ob
1084 4156 1151 4209 vitia
1161 4155 1298 4208 hominum

215 4226 372 4280 dementius
390 4225 419 4279 in
441 4227 600 4297 aequalium
622 4225 691 4279 vitia
714 4230 744 4278 et
760 4225 820 4278 fere
831 4224 961 4277 acerbius
972 4223 1181 4276 stomachentur
1195 4224 1297 4278 acrius-

217 4311 312 4348 rrores
329 4295 457 4348 invectus
476 4300 559 4349 esset.
605 4295 665 4348 Imo
683 4310 742 4346 rem
762 4309 817 4363 que
850 4292 1067 4357 excandescant,
1083 4296 1140 4343 tum
1155 4291 1238 4346 etiam
1251 4308 1307 4354 nea

217 4363 289 4416 rulto
315 4362 406 4433 gessit
428 4362 587 4432 elegantius
609 4367 638 4416 et
659 4362 742 4415 urba·
762 4360 821 4413 scio
837 4376 920 4430 quam
934 4357 1126 4412 austeritatem
1138 4375 1207 4427 prae
1220 4361 1298 4415 sete·

219 4430 273 4484 ius.
305 4430 406 4485 Noluit
422 4430 495 4483 enim
515 4446 683 4501 quemqnam
701 4430 743 4481 ul·
761 4433 835 4496 runt,
847 4444 903 4497 qua
912 4425 1019 4496 passim
1027 4426 1073 4480 vel
1082 4425 1162 4479 inviti
1173 4429 1209 4482 ad
1219 4428 1297 4482 tumi-

219 4514 245 4551 ro
254 4498 406 4567 lacessere,
417 4498 499 4552 sicuti
508 4498 569 4570 ipse
580 4516 665 4569 quum
675 4496 744 4551 alibi
762 4498 827 4549 dum
842 4502 927 4565 atque
941 4494 1048 4565 grande
1059 4492 1194 4550 orationis
1209 4514 1297 4567 genus
