3225 5442
488 810 785 869 nsonounmnn.
888 886 894 899 ⁶

258 980 424 1057 pueruntur
440 970 473 1035 in
491 969 578 1034 silvis
596 991 681 1047 aves,

258 1076 374 1148 desque
391 1064 529 1150 lymphis
548 1063 732 1148 obstrepunt
749 1063 958 1139 manantibus,

257 1181 379 1225 somnos
397 1158 483 1242 quod
500 1157 611 1221 invitet
627 1156 723 1220 leves.

258 1275 330 1317 cum
348 1251 484 1316 tonantis
502 1274 603 1315 annus
621 1250 770 1315 hibernus
788 1250 874 1315 lovis

257 1347 368 1411 imbres
385 1346 536 1428 nivesque
554 1355 723 1430 comparat,

257 1466 262 1504 2
279 1441 375 1504 trudit
392 1462 480 1505 acres
497 1439 571 1503 hinc
588 1449 620 1503 et
636 1439 709 1503 hinc
726 1438 826 1503 multa
843 1460 920 1503 eane

257 1557 345 1619 apros
363 1534 397 1597 in
414 1533 575 1599 obstantes
592 1532 714 1619 plagas,

257 1653 263 1692 ι
280 1629 373 1693 amite
391 1628 454 1691 levi
470 1650 541 1691 rara
558 1626 658 1690 tendit
674 1626 761 1703 retia,

257 1723 349 1787 Lurdis
368 1721 517 1787 edacibus
535 1722 634 1798 dolos,

257 1817 419 1900 vidumque
437 1816 575 1901 leporem
594 1823 625 1879 et
642 1814 796 1879 advenam
814 1814 927 1897 laqueo
945 1836 1055 1900 gruem

257 1911 387 1975 iucunda
405 1917 511 1994 captat
526 1908 675 1995 praemia.

257 2006 279 2067 is
297 2026 359 2068 non
377 2003 529 2067 malarum
547 2024 626 2085 quas
645 2024 733 2066 amor
750 2023 841 2065 curas
860 1999 955 2066 habet
999 2018 1001 2022 '

257 2101 328 2163 haec
345 2098 425 2161 inter
442 2097 653 2161 obliviscitur?

257 2192 321 2256 adsi
338 2191 581 2276 pudica'mulier
597 2190 630 2254 in
645 2199 766 2274 partem
783 2190 870 2253 iuvet

256 2285 381 2350 domum
400 2294 493 2369 atque
512 2284 618 2348 dulces
636 2281 766 2361 liberos3

257 2378 332 2442 bina
350 2378 451 2461 qualis
469 2386 524 2442 aut
540 2390 668 2463 perusta
686 2377 805 2442 solibus

256 2472 384 2557 pernicis
402 2493 482 2535 uxor
499 2470 608 2555 Apuli,

256 2587 332 2629 rrum
350 2565 481 2629 vetustis
500 2574 641 2631 exstruat
658 2565 752 2651 lignis
770 2565 876 2631 focum

256 2658 326 2722 lassi
344 2657 402 2722 sub
420 2659 590 2722 adventum
607 2659 675 2737 viri,

257 2753 419 2836 udansque
438 2752 531 2817 textis
549 2752 686 2817 cratibus
704 2754 821 2819 laetum
838 2775 936 2839 pecus

256 2844 386 2910 distenta
404 2845 501 2910 siccet
518 2846 625 2923 ubera,

256 2938 355 3004 horna
372 2939 456 3003 dtdci
473 2940 547 3003 vina
564 2961 710 3024 promens
729 2940 812 3005 dolio

256 3032 348 3118 lapes
366 3032 499 3097 inemtas
517 3043 662 3118 apparet:

256 3148 271 3189 r
288 3148 338 3190 me
356 3127 497 3192 Lucrina
514 3126 649 3191 iuverint
665 3126 830 3212 conchylia

256 3220 392 3305 magisve
409 3219 559 3286 rhombus
578 3230 632 3284 aut
650 3221 740 3298 scari,

256 3336 332 3397 quos
349 3313 429 3379 Eois
446 3311 749 3380 intonata'fluctibus

256 3407 351 3472 hiems
369 3408 487 3472 adhoc
505 3417 605 3472 vertat
622 3432 723 3487 mare3

256 3525 271 3565 n
287 3501 370 3566 Afra
388 3502 455 3566 avis
474 3502 643 3568 descendat
660 3503 693 3567 in
710 3512 850 3567 ventrem
867 3524 982 3577 meum,

256 3617 313 3660 non
331 3604 459 3681 attagen
475 3595 604 3661 Ionicus

258 3690 384 3767 undior,
403 3711 498 3772 quam
515 3691 597 3754 lecta
613 3690 653 3755 de
670 3689 885 3777 pinguissimis

257 3782 334 3847 oliva
350 3783 446 3847 ramis
464 3782 620 3860 arborum,

257 3899 263 3938 ι
278 3875 376 3959 herba
393 3876 511 3961 lapathi
528 3886 618 3962 prata
635 3877 768 3942 amantis
787 3886 819 3941 et
835 3876 925 3962 gravi

257 3970 371 4033 nalvae
389 3969 531 4036 salubres
549 3970 680 4055 corpori,

257 4119 259 4125 ⁴
276 4086 359 4149 agna
376 4064 466 4130 festis
485 4087 578 4138 caesa
596 4063 820 4141 terminalibus,

257 4158 300 4221 vel
317 4157 437 4224 haedus
456 4169 581 4245 ereptus
599 4160 683 4245 lupo.

256 4274 265 4316 r
282 4251 363 4317 inter
380 4253 488 4338 epulas
507 4264 543 4318 ut
559 4255 646 4319 iuvat
662 4263 769 4340 pastas
787 4275 863 4317 oves

256 4346 356 4412 videre
372 4358 575 4435 properantes
594 4351 731 4427 domum,

256 4440 314 4505 lere
332 4440 434 4507 fessos
452 4464 612 4508 vomerem
627 4443 786 4508 inversum
805 4440 902 4506 boves

256 4534 332 4600 eollo
349 4535 506 4601 trahentes
524 4536 682 4623 languido,
