3225 5442
305 681 364 746 198
635 689 670 754 Q.
683 688 850 745 flottam
863 690 1014 747 FLACCI
1074 693 1079 704 ¹

596 938 884 1014 -srlsrou's
907 956 1007 1015 xvr.

602 1098 667 1146 AD
699 1096 1044 1157 QUINCTIUM.

302 1226 350 1292 Ne
367 1224 557 1312 perconteris
575 1221 693 1287 fundus
711 1245 814 1300 meus,
834 1223 955 1307 optime
974 1222 1125 1306 Quincti,

302 1343 378 1385 arvo
395 1328 504 1404 paseat
521 1317 645 1394 herum,
663 1339 704 1381 an
720 1316 807 1381 bacis
825 1316 993 1401 opulentet
1013 1318 1120 1383 olivae

302 1414 457 1498 pomisve,
475 1434 517 1476 an
533 1411 645 1499 pratis,
664 1433 705 1474 an
722 1409 836 1475 amicta
852 1409 973 1475 vitibus
993 1412 1101 1490 ulm03

304 1504 529 1583 scribetur-tibi
546 1505 647 1569 forma
663 1503 834 1588 loquaciter
850 1513 881 1567 et
900 1503 982 1569 situs
1004 1506 1088 1591 agri.

270 1624 286 1669 5
304 1600 442 1665 continui
459 1609 595 1676 montes,
615 1599 648 1663 ni
665 1598 873 1664 dissocientur
890 1620 995 1683 opaca

303 1694 397 1771 valle,
417 1693 474 1758 sed
489 1704 526 1757 ut
542 1693 671 1757 veniens
689 1693 833 1756 dextrum
851 1691 935 1757 latus
954 1693 1119 1778 adspiciat
1137 1695 1195 1771 sol,

302 1789 428 1853 laevum
446 1788 611 1853 discedens
629 1810 722 1852 curru
738 1785 878 1872 fugiente
895 1798 1044 1871 vaporet.

303 1882 487 1967 temperiem
503 1881 624 1945 laudes.
647 1880 737 1963 quid,
756 1881 784 1945 si
800 1879 977 1945 rubicunda
994 1880 1132 1968 benigni

304 1998 399 2040 corna
416 1997 527 2060 vepres
545 1985 578 2039 et
594 1997 695 2061 pruna
711 1974 832 2039 ferant?
849 1973 877 2038 si
893 1995 1035 2057 quercus
1055 1986 1090 2040 et
1106 1976 1171 2040 ilex

255 2091 287 2138 ro
304 2069 403 2133 multo
420 2069 511 2155 fruge
528 2091 640 2154 pecus,
658 2069 757 2134 multa
773 2068 935 2133 dominum
953 2069 1046 2134 iuvet
1064 2070 1199 2136 umbra?

304 2164 391 2228 dicas
410 2163 580 2229 adductum
597 2163 726 2249 propius
743 2162 888 2227 frondere
905 2162 1099 2229 Tarentum.

304 2257 376 2322 fons
395 2258 488 2322 etiam
505 2258 573 2322 rivo
591 2259 665 2322 dare
682 2279 797 2322 nomen
814 2256 961 2333 idoneus,
980 2267 1017 2321 ut
1035 2280 1100 2323 nec

305 2351 446 2437 frigidior
464 2352 619 2416 Thracam
638 2373 696 2416 nec
712 2352 819 2437 purior
835 2349 952 2416 ambiat
970 2350 1121 2431 Hebrus,

303 2445 427 2510 infirmo
444 2446 538 2530 capiti
555 2444 624 2509 fluit
641 2446 740 2523 utilis,
759 2445 843 2510 utilis
861 2444 941 2509 alvo.

256 2538 363 2605 mbae
381 2538 518 2604 latebrae
536 2539 659 2617 dulces,
678 2540 786 2618 etiam,
805 2539 833 2604 si
850 2538 965 2615 credis,
984 2562 1154 2619 amoenae,

304 2633 492 2698 incolumem
509 2633 567 2698 tibi
584 2655 635 2697 me
652 2643 813 2718 praestant
830 2630 1075 2719 Septembribus
1094 2635 1192 2701 horis.

305 2738 339 2790 tu
356 2736 440 2791 recte
457 2725 552 2804 vivis,
572 2727 599 2791 si
616 2748 707 2792 curas
725 2748 796 2792 esse
814 2726 898 2811 quod
914 2726 1016 2791 audis.

304 2820 456 2884 iactamus
473 2820 536 2883 iam
553 2819 673 2905 pridem
691 2820 792 2886 omnis
811 2830 841 2884 te
858 2820 960 2884 Roma
977 2819 1126 2899 beatum3

305 2914 360 2978 sed
379 2937 501 2991 vereor,
521 2937 559 2978 ne
578 2914 629 2978 cui
646 2915 685 2979 dc
703 2924 734 2978 te
751 2914 823 2999 plus
841 2936 935 2998 quam
953 2913 1011 2978 tibi
1029 2918 1156 2993 credas,

254 3029 287 3075 ‘20
305 3031 384 3072 neve
402 3019 494 3092 putes
513 3007 608 3071 alium
627 3008 767 3092 sapiente
784 3007 928 3091 bonoque
946 3007 1087 3086 beatum,

304 3124 380 3178 neu,
400 3103 426 3166 si
445 3111 475 3164 te
492 3101 628 3186 populus
647 3125 758 3166 sanum
775 3111 920 3185 recteque
937 3101 1097 3167 valentem

304 3197 437 3272 dictitet,
456 3195 610 3260 occultam
627 3195 748 3260 febrem
766 3195 825 3260 sub
844 3205 966 3280 tempus
984 3197 1102 3259 edendi

305 3290 497 3366 dissimules,
516 3289 617 3353 donec
635 3289 778 3355 manibus
796 3300 912 3354 tremor
927 3289 1045 3353 incidat
1062 3292 1180 3356 unctis.

306 3384 470 3448 stultorum
487 3384 629 3449 incurata
645 3385 747 3469 pudor
764 3383 865 3449 malus
883 3384 989 3449 ulcera
1005 3385 1096 3449 celat.

254 3498 286 3544 25
306 3478 332 3541 si
350 3478 420 3559 quis
438 3477 521 3542 bella
538 3478 594 3542 tibi
612 3488 694 3542 terra
711 3489 850 3564 pugnata
867 3478 1006 3561 marique

305 3571 401 3647 dicat,
421 3571 517 3637 ethis
536 3572 640 3636 verbis
659 3594 774 3637 vacuas
792 3572 984 3657 permulceat
1001 3595 1109 3637 aures:

306 3674 397 3743 „tene
415 3665 515 3750 magis
535 3666 657 3730 salvum
674 3666 809 3751 populus
827 3666 903 3730 velit
919 3689 960 3729 an
976 3666 1130 3750 populum
1151 3679 1195 3744 tu,

304 3769 407 3823 servet
424 3760 457 3823 in
474 3759 636 3846 ambiguo,
655 3761 709 3843 qui
727 3760 861 3825 consulit
879 3770 910 3825 et
927 3760 983 3824 tibi
1001 3770 1031 3824 et
1049 3759 1131 3837 urbi,

305 3854 480 3939 Iuppiter,“
498 3855 638 3939 Augusti
657 3855 765 3919 laudes
784 3876 955 3939 agnoscere
971 3854 1090 3939 possis:

254 3969 287 4016 30
305 3972 401 4032 quum
419 3948 534 4032 pateris
553 3949 677 4033 sapiens
696 3949 942 4031 emendatusque
960 3947 1074 4024 vocari,

303 4044 514 4129 respondesne
533 4053 601 4121 tu0,
620 4044 670 4108 dic
688 4044 795 4120 sodes,
814 4044 958 4108 nomine?
975 4082 1016 4089 -
1036 4065 1171 4127 „nempe

303 4136 469 4202 virbonus
488 4148 519 4202 et
535 4138 672 4222 prudens
691 4138 752 4201 dici
770 4133 907 4201 delector
924 4160 983 4222 ego
1001 4158 1038 4199 ac
1056 4141 1121 4199 tu.“
1141 4175 1184 4183 —

304 4236 359 4313 qui
376 4230 460 4294 dedit
478 4230 537 4294 hoc
555 4231 661 4308 hodie,
680 4254 763 4307 cras,
782 4231 810 4294 si
828 4230 925 4307 volet,
945 4229 1077 4306 auferet,
1096 4239 1132 4293 ut
1151 4231 1179 4293 si

304 4325 447 4388 detulerit
465 4325 567 4389 fasces
585 4326 727 4411 indigno,
746 4325 888 4389 detrahet
905 4326 997 4389 idem.

254 4430 286 4479 35
304 4437 399 4499 pono,
418 4439 524 4479 meum
541 4428 603 4495 est3
621 4419 735 4502 inquit:
753 4441 837 4504 pono
855 4419 1013 4501 tristisque
1031 4418 1154 4481 recedo.
