3225 5442
306 732 370 797 100
634 742 668 807 Q.
683 739 846 796 HORATII
859 739 999 796 FLAccl

582 1244 624 1320 Q.
646 1243 858 1305 nonnum
880 1244 1060 1307 sulum
1176 1319 1180 1327 ¹

428 1448 741 1547 CARMEN
785 1447 1201 1547 SEOULARE.
1257 1533 1263 1542 .

452 1764 583 1830 Phoebe
601 1764 812 1848 silvarumque
829 1775 941 1850 potens
959 1765 1075 1843 Diana,

453 1859 592 1923 lucidum
610 1859 689 1923 caeli
706 1859 817 1936 dccus,
836 1882 855 1924 ο
874 1860 995 1924 colendi

453 1975 577 2038 semper
594 1963 625 2017 et
642 1953 731 2030 culti,
750 1954 822 2018 dulc
840 1975 921 2037 quae
938 1976 1103 2039 precamur

519 2058 658 2132 tempore
677 2070 776 2124 sacro,

454 2198 516 2259 quo
536 2173 684 2259 Sibyllini
700 2197 849 2240 monuere
867 2198 977 2240 versus

453 2268 592 2354 virgines
609 2268 707 2332 lectas
725 2290 903 2353 puerosque
921 2279 1025 2334 castos

454 2363 518 2440 dis,
537 2362 651 2445 quibus
669 2372 790 2446 septem
807 2362 952 2447 placuere
971 2363 1076 2440 colles,

518 2456 621 2519 ‹liccrc
640 2477 775 2519 carmen.

454 2583 535 2647 elme
555 2581 626 2659 Sol,
645 2605 738 2649 curru
754 2583 853 2648 nitido
871 2584 955 2648 diem
972 2584 1026 2666 qui

456 2677 574 2762 promis
593 2686 624 2741 et
642 2676 740 2755 celas,
759 2677 901 2760 aliusque
919 2687 951 2741 et
968 2677 1052 2741 idem
1097 2692 1100 2699 ’

453 2772 606 2848 nasceris,
625 2771 728 2855 possis
747 2771 824 2835 nihil
842 2771 919 2837 urbe
936 2772 1046 2837 Roma'

519 2865 620 2929 visere
638 2864 755 2929 maius!

453 2984 512 3047 rite
529 2993 668 3048 maturos
687 2984 806 3068 aperire
824 2994 932 3069 partus

454 3077 548 3154 lenis,
567 3077 708 3161 Ilithyia,
727 3088 814 3142 tuere
832 3087 957 3154 matres,

457 3171 523 3235 sive
541 3180 576 3235 tu
594 3172 719 3235 Lucina
735 3171 852 3256 probas
869 3171 976 3235 vocari

520 3287 577 3329 seu
596 3262 765 3330 Genitalis:

456 3383 543 3460 diva,
562 3384 717 3468 producas
737 3383 894 3461 subolem,
912 3393 1100 3469 patrumque

454 3499 620 3561 prosperes
639 3478 764 3542 decreta
782 3500 876 3563 super
893 3477 1038 3563 iugandis

456 3570 582 3636 feminis
600 3572 760 3656 prolisque
778 3594 878 3637 novae
896 3571 993 3636 feraci

519 3664 589 3749 lege
607 3666 727 3743 marita,

456 3792 559 3848 certus
577 3785 719 3850 undenos
737 3785 842 3850 decies
860 3808 917 3870 per
934 3806 1032 3848 annos

456 3876 541 3942 orbis
559 3887 594 3942 ut
612 3888 721 3943 cantus
739 3880 916 3963 referatque
933 3878 1024 3941 ludos

457 3981 504 4035 ter
521 3972 571 4036 die
589 3972 673 4036 claro
690 3973 845 4056 totiesque
863 3982 953 4059 grata

519 4076 611 4130 nocte
629 4067 818 4149 frequentes.

457 4207 576 4268 vosque
595 4208 721 4250 veraces
740 4186 905 4263 cecinisse,
924 4186 1054 4262 Parcae,

457 4279 542 4361 quod
560 4280 657 4344 semel
675 4280 793 4345 dictum
812 4290 861 4345 est
879 4280 1061 4362 stabilisque
1078 4299 1182 4342 rerum

458 4372 608 4438 terminus
627 4383 743 4452 servet,
763 4374 846 4439 bonu
863 4375 925 4438 iam
943 4372 1078 4459 peractis

522 4466 640 4552 iungite
659 4467 733 4532 sala.
