3225 5442
321 695 383 761 176
495 782 501 794 .
650 703 685 770 Q.
698 700 866 760 HORATII
878 703 1029 763 FLACCI

318 888 382 931 non
399 865 509 930 horam
527 872 631 927 tecum
649 883 720 926 esse
737 872 841 946 potes,
861 886 926 927 non
946 864 1015 929 otia
1031 876 1120 931 reete

318 981 449 1046 ponere,
468 967 561 1040 teque
579 956 684 1040 ipsum
701 956 782 1020 vitas
799 956 959 1042 fugitivus
979 968 1014 1023 et
1031 982 1115 1038 erro,

317 1055 382 1119 iam
400 1053 472 1116 vino
490 1072 643 1134 quaerens
660 1049 724 1114 iam
742 1072 852 1115 somno
871 1051 984 1116 fallere
1004 1076 1133 1120 curam:

254 1170 301 1216 115
319 1147 448 1222 srustra3
467 1167 539 1208 nam
558 1164 664 1208 comes
682 1153 750 1207 atra
764 1144 881 1228 'premit
899 1147 1115 1232 sequiturque
1135 1150 1315 1237 fugacem-

317 1236 847 1322 undemihilapideml-quorsum
856 1241 1326 1331 estopusl—-undesagittasl-

318 1343 373 1398 aut
389 1331 504 1396 insanit
522 1331 631 1407 homo,
650 1339 705 1394 aut
720 1353 831 1395 versus
848 1330 935 1396 facit
956 1371 1003 1380 —
1023 1336 1117 1401 ocius
1135 1337 1209 1403 hine
1225 1350 1252 1403 tc

318 1427 351 1490 ni
367 1425 466 1511 rapis,
486 1424 617 1490 accedes
636 1445 731 1509 opera
748 1447 826 1511 agro
844 1448 929 1489 nona
948 1424 1090 1494 Sabino.

685 1667 868 1728 SATIRA
888 1669 981 1730 VIII.

317 1801 364 1867 Ut
381 1801 541 1866 Nasidieni
563 1800 642 1865 iuvit
660 1808 690 1865 te
708 1821 805 1865 coena
822 1799 926 1864 beati?

317 1918 390 1959 nam
408 1895 485 1959 mihi
502 1894 667 1959 convivam
684 1894 844 1977 quaerenti
861 1894 964 1960 dictus
984 1895 1066 1962 here
1084 1899 1152 1964 illie

316 1990 356 2054 de
374 1989 478 2053 medio
495 1997 603 2073 potare
621 1987 682 2051 die.
701 2025 742 2034 -
761 1987 806 2052 sie
823 1997 858 2051 ut
875 1988 952 2052 mihi
970 2014 1147 2075 nunquam

315 2084 349 2147 in
367 2082 431 2147 vita
447 2082 541 2146 fuerit
558 2081 679 2145 melius.
699 2120 739 2127 —
758 2081 823 2159 die,
842 2082 869 2146 si
885 2105 983 2169 grave
1003 2108 1072 2149 non
1091 2100 1153 2165 est,

283 2197 298 2243 0
317 2198 397 2259 quae
415 2175 516 2260 prima
533 2175 646 2239 iratum
663 2185 803 2239 ventrem
821 2174 1100 2260 placaveritesea.
1122 2220 1166 2228 -

314 2270 347 2333 in
365 2269 473 2354 primis
491 2269 643 2333 Lucanus
661 2290 749 2353 apert
767 2267 829 2332 leni
847 2268 906 2332 fuit
922 2268 1051 2350 Austro

315 2374 440 2446 captus,
460 2370 495 2423 ut
512 2359 615 2425 aiebat
633 2383 749 2425 coenae
765 2372 867 2447 pater:
886 2364 971 2428 acria
988 2366 1114 2430 circum

314 2454 437 2539 rapula,
455 2454 610 2532 lactucae,
627 2455 763 2533 radices,
781 2456 887 2539 qualia
902 2456 1026 2522 lassum

314 2547 489 2633 pervellunt
507 2548 716 2625 stomachum,
735 2549 828 2626 siser,
846 2550 937 2628 allec,
955 2551 1086 2617 faecula
1105 2553 1187 2620 Coa.

266 2662 298 2710 10
315 2642 364 2705 his
382 2640 438 2704 ubi
455 2640 586 2705 sublatis
604 2663 682 2726 puer
700 2642 761 2706 alte
779 2643 900 2708 cinctus
918 2666 1069 2710 acernam

313 2757 453 2824 gausape
470 2757 627 2820 purpureo
645 2757 787 2800 mensam
803 2738 960 2821 pertersit,
980 2752 1011 2803 et
1030 2741 1114 2806 alter

314 2828 449 2915 sublegit
467 2830 685 2912 quodcumque
702 2830 818 2895 iaceret
833 2832 941 2895 inutile
960 2834 1113 2917 quodque

312 2933 421 3008 posset
439 2933 605 2987 coenantes
624 2923 796 3002 offendere3
815 2934 850 2988 ut
866 2924 973 2989 Attica
985 2926 1085 3013 virgo

313 3041 385 3083 eum
403 3018 499 3082 sacris
519 3016 644 3081 Cereris
662 3019 802 3103 procedit
820 3018 927 3084 fuscus
946 3019 1124 3107 Hydaspes

264 3133 294 3181 15
314 3111 463 3177 Caecuba
479 3111 552 3175 vina
571 3111 688 3189 ferens,
707 3110 812 3176 Aleon
830 3111 946 3177 Chium
962 3115 1059 3180 maris
1080 3139 1207 3203 expers.

311 3207 363 3270 hic
379 3206 488 3269 herus:
509 3204 703 3284 „Albanum
722 3205 905 3284 Maecenas,
924 3208 991 3272 sive
1008 3208 1185 3275 Falernum

312 3309 342 3363 te
360 3299 462 3385 magis
480 3298 631 3384 appositis
650 3299 796 3376 delectat,
816 3299 967 3365 habemus
985 3311 1191 3388 utrumque.“
1211 3345 1252 3353 —

311 3394 435 3457 divitias
454 3391 599 3457 miserasl
619 3393 675 3457 sed
693 3394 781 3476 queis
800 3394 1002 3459 coenantibus
1021 3419 1097 3474 una,

310 3488 469 3565 Fundani,
488 3487 616 3573 pulchre
634 3487 728 3552 fuerit
745 3487 816 3564 tibi,
835 3511 928 3553 nosse
945 3488 1063 3554 laboro.
1084 3530 1128 3539 —

261 3601 293 3648 20
313 3604 454 3646 summus
473 3604 546 3668 ege,
566 3592 597 3645 et
614 3604 710 3667 prope
729 3605 779 3646 me
797 3582 913 3648 Viscus
932 3583 1108 3662 Thurinus,
1129 3596 1161 3650 et
1179 3586 1268 3663 infra,

311 3675 338 3739 si
356 3675 496 3752 memini,
516 3675 646 3752 Varius;
665 3698 737 3739 eum
757 3674 890 3742 Servilio
908 3677 1076 3741 Balatrone

311 3768 472 3845 Vibidius,
492 3791 570 3852 quas
588 3769 758 3834 Maecenas
777 3771 950 3834 adduxerat
966 3769 1106 3835 umbras.

310 3863 525 3928 Nomentanus
544 3874 610 3928 crat
628 3886 723 3948 super
739 3864 857 3949 ipsum,
876 3864 1008 3930 Porcius
1026 3864 1119 3943 infra,

310 3958 459 4021 ridiculus
478 3967 558 4022 totas
577 3958 671 4022 simul
688 3957 854 4023 absorbere
871 3958 1040 4044 placentas.

258 4071 291 4118 25
309 4051 523 4117 Nomentanus
542 4052 583 4116 ad
599 4051 673 4129 hoe,
693 4052 760 4135 qui,
780 4052 808 4116 si
825 4053 901 4136 quid
918 4052 997 4117 forte
1015 4051 1135 4131 lateret,

309 4147 410 4210 indice
428 4156 614 4211 monstraret
631 4146 743 4232 digito:
762 4169 836 4210 nam
855 4157 957 4211 cetera
973 4144 1074 4223 turba,

273 4250 277 4257 '
308 4264 381 4318 nos,
399 4240 541 4323 inquam,
560 4262 728 4305 coenamus
747 4263 836 4316 aves,
856 4240 1031 4324 conchylia,
1048 4240 1165 4324 pisces,

308 4332 400 4420 longe
419 4333 601 4398 dissimilem
619 4344 693 4398 noto
711 4334 844 4398 celantia
863 4356 1005 4411 suceum;

308 4436 343 4489 ut
361 4428 410 4490 vel
429 4428 573 4492 continuo
591 4428 704 4514 patuit,
724 4450 821 4511 quum
839 4428 974 4513 passeris
993 4437 1086 4511 atque
