3225 5442
598 696 627 747 q.
645 690 765 735 nonam
781 687 886 727 macer
1215 685 1294 730 Lvu

201 808 326 863 nendum
350 807 515 876 iniunxerit,
543 808 620 879 quod
641 826 666 862 a.
685 806 1050 898 737.[publicumprodiisse
1062 824 1234 861 censeamus.
1246 803 1296 859 Cui

202 878 282 931 edito
297 876 371 929 libro
386 876 471 930 tertio
486 876 592 929 factum
604 893 666 931 esse
677 893 742 930 eon·
762 878 919 930 sententiae
938 876 1023 930 etiam
1041 892 1059 929 a
1072 876 1230 928 Kirchnero
1250 876 1296 927 de·

203 950 275 1013 stat,
296 944 367 997 sedi
391 961 452 996 sum
467 943 551 997 etiam
564 944 743 999 vindelicam
761 944 873 1009 sensae,
889 946 939 998 sed
949 944 990 997 ita
998 950 1093 996 tamen
1103 944 1251 1009 defensae,
1266 948 1298 994 ut

202 1012 352 1065 victoriam
385 1011 743 1066 iberiietDrusicelebrare
761 1012 785 1063 is
803 1013 888 1066 etiam
906 1011 978 1064 duos
996 1012 1085 1064 libros
1099 1011 1207 1079 priores
1222 1026 1296 1062 anno

202 1080 319 1133 iusserit
328 1079 458 1149 adeoque
469 1082 580 1148 coeperit
591 1086 743 1149 propterea
762 1079 872 1133 demum
882 1080 941 1132 736.
954 1096 1012 1133 uua
1026 1095 1088 1131 cum
1102 1078 1185 1131 tertio
1199 1078 1229 1129 in
1238 1077 1297 1128 vul·

202 1148 296 1201 tribus
310 1148 463 1201 carminum
478 1147 558 1201 libris
572 1167 604 1200 cc
617 1150 743 1216 lonqoin·
761 1165 815 1217 gus
839 1148 957 1201 emissos
980 1163 1043 1201 esse
1069 1146 1211 1213 statuerit,
1239 1161 1297 1197 non

203 1219 316 1269 teruallo
327 1222 456 1285 quartum
466 1216 580 1269 addere.
594 1214 688 1285 Atque
698 1215 742 1268 his
761 1232 889 1269 veremur
910 1233 946 1269 ne
970 1214 1034 1285 quis
1052 1214 1210 1283 Epistolam
1232 1212 1297 1265 libri

203 1283 355 1352 expositis,
378 1282 446 1353 quid
465 1284 501 1336 de
518 1282 601 1335 trium
618 1284 742 1352 priorum
761 1283 841 1352 primi
859 1284 971 1337 tertiam
994 1283 1131 1336 decimam
1155 1279 1297 1334 adversari

203 1352 342 1405 librorum
373 1351 498 1404 editione
527 1350 742 1404 existimandum
761 1350 913 1419 existimet,
928 1368 1000 1421 quae
1010 1367 1078 1404 sane
1089 1366 1186 1403 eorum
1194 1347 1297 1401 rationi

204 1420 256 1487 sit,
275 1419 345 1472 satis
354 1418 409 1471 iam
420 1419 656 1472 demonstravisse
666 1419 742 1472 vide-
760 1419 909 1488 plurimum
932 1419 1030 1485 officit,
1057 1417 1106 1488 qui
1127 1424 1185 1471 tres
1207 1416 1296 1469 libros

203 1504 275 1540 mur.
310 1486 512 1556 Progredimur
532 1486 686 1557 aliquando
705 1486 741 1540 ad
761 1486 870 1555 priores
885 1487 1055 1541 coniunctim
1073 1484 1230 1555 posteriore
1250 1484 1296 1537 de-

204 1555 309 1609 libmm
422 1572 459 1623 m,
472 1555 507 1608 de
518 1570 574 1624 quo
584 1555 683 1623 paucis
693 1554 742 1608 ab·
760 1571 835 1607 mum
851 1561 991 1623 tempore,
1009 1554 1065 1608 hoc
1079 1560 1123 1608 est
1140 1570 1214 1606 anno
1229 1552 1296 1620 736,

205 1572 437 1701 solyerelicebit
474 1620 660 1676 Consentiunt
669 1622 742 1676 euim
760 1622 868 1742 publici
877 1623 1296 1691 iurisfactosesseputaverunt.

204 1690 258 1743 vin
268 1691 345 1743 doctr
354 1690 481 1759 plerique
492 1706 598 1758 omnes,
609 1691 741 1757 carmina,
785 1689 871 1743 tenim
876 1692 992 1760 primum
998 1690 1189 1760 Epistolarum
1194 1689 1297 1741 librum

205 1774 280 1828 quae
299 1774 333 1811 eo
352 1758 540 1826 continentur,
560 1758 614 1812 seri
635 1764 665 1811 ta
679 1775 742 1812 esse
761 1775 786 1811 a.
801 1757 860 1811 734.
877 1759 923 1811 vel
939 1759 1035 1837 paullo
1055 1764 1121 1827 post
1134 1757 1297 1825 evulgatum

205 1826 301 1879 omnia
314 1826 388 1879 intra
401 1843 492 1879 annos
506 1826 564 1879 736.
578 1832 607 1879 et
616 1776 679 1880 1ill.
694 1833 743 1879 aut
761 1842 824 1879 esse
843 1826 996 1880 certissime
1012 1825 1195 1895 cognoscitur
1209 1841 1243 1878 ex
1255 1824 1296 1876 ul·

204 1893 265 1947 744.
284 1894 357 1947 Nam
366 1893 741 1962 eaBentleiusa.l38-740.‚
761 1894 829 1947 tima
844 1894 907 1947 libri
918 1894 1018 1947 illiuse
1041 1895 1134 1946 istola,
1159 1892 1219 1945 Iam
1229 1908 1296 1945 vero

203 1961 382 2016 Kirehnerus
396 1978 420 2014 a.
431 1962 583 2027 736-744,
601 1961 742 2015 Frankius
760 1962 789 2015 in
799 1961 921 2041 epistola
930 1962 1013 2014 huius
1020 1912 1087 2014 libri
1095 1960 1296 2013 X111.vers.17.

204 2035 236 2083 et
250 2029 390 2083 Weberus
408 2046 434 2083 a.
448 2029 591 2084 737-741.
627 2036 743 2083 exarata
760 2030 861 2085 Vinius
870 2030 969 2082 Asclla
977 2029 1090 2083 iubetur
1100 2029 1211 2096 signata
1220 2027 1297 2079 volu-

205 2113 270 2151 esse
282 2097 467 2164 arbitrantur;
478 2098 741 2167 quibusnositaad·
761 2098 836 2150 mina
857 2100 1001 2150 carminum
1019 2097 1055 2150 ad
1073 2094 1223 2149 Caesarem
1241 2094 1297 2146 Au-

205 2165 382 2235 stipulamur,
392 2171 424 2217 ut
433 2166 566 2218 iudicium
576 2165 741 2233 detempore
761 2172 875 2235 gustum
910 2165 1023 2218 erferre.
1058 2164 1207 2216 Enimvero
1223 2161 1297 2230 cogi-

205 2232 339 2287 carminis
349 2232 439 2303 quinti
449 2233 550 2287 decimi
561 2234 683 2287 omnium
693 2250 741 2302 po·
761 2234 896 2287 tandumr
918 2230 1297 2285 isinedubioestdeduobus

205 2310 311 2354 stremo
327 2301 423 2370 scripti
438 2302 534 2370 paullo
549 2301 632 2355 aliter
643 2318 742 2371 regen·
761 2307 870 2354 tantum
884 2302 1037 2355 carminum
1052 2300 1130 2353 libris
1144 2297 1296 2419 prioribus,

206 2370 274 2421 dum
303 2375 467 2422 statuamus.
506 2371 642 2423 Putamus
669 2368 743 2422 euim
761 2387 820 2423 non
833 2369 900 2423 item
915 2370 950 2423 de
966 2369 1069 2436 tribus,
1087 2368 1181 2420 utair
1191 2372 1297 2419 statue-

204 2438 278 2490 illud
296 2454 370 2491 anno
385 2436 452 2505 741,
470 2453 524 2491 nec
542 2454 608 2492 vero
623 2437 682 2490 744.
700 2454 743 2490 as·
761 2443 839 2504 runt3
854 2454 925 2507 quos
935 2437 1047 2507 quidem
1057 2436 1134 2506 prius
1144 2434 1297 2506 quamllpi·

205 2505 314 2574 signari
329 2511 467 2574 oportere.
496 2505 579 2569 Quod
595 2505 618 2558 si
632 2506 674 2559 ita
690 2512 742 2573 est,
762 2505 852 2558 stolas
866 2505 958 2559 editos
972 2506 1060 2559 fuisse
1075 2502 1240 2584 eprist.I.
1255 2504 1296 2570 19,

204 2573 279 2627 liber
298 2579 415 2643 quartus
432 2573 506 2626 intra
523 2590 548 2626 a.
564 2573 621 2627 735.
641 2579 670 2628 et
684 2574 741 2626 741.
761 2574 802 2626 32.
816 2573 857 2627 ita
870 2574 959 2627 intelli
983 2573 1046 2641 tur,
1065 2579 1097 2625 ut
1108 2571 1215 2625 ibrnon
1226 2588 1297 2639 opus

205 2641 329 2710 scriptus
339 2658 401 2695 esse
415 2640 584 2695 iudicandus
599 2641 660 2695 erit.
694 2641 743 2693 Ae
763 2642 799 2694 sit
816 2641 900 2695 etiam
919 2642 953 2696 de
962 2591 1045 2694 libro
1065 2640 1148 2694 tertio
1164 2640 1297 2707 cogitare.

205 2727 262 2830 que
289 2709 361 2763 haec
388 2709 481 2763 omnia
508 2710 533 2769 si
556 2708 744 2789 probabiliter
762 2708 956 2762 Commoratus
975 2716 1069 2763 autem
1084 2706 1247 2762 CaesarAu
1269 2724 1297 2758 u-

204 2779 744 2916 sgftgttflllszltttrlttffi.
762 2778 1297 2914 filstlildllsltttlltitll

204 2930 291 3034 pore,
319 2930 376 2983 quo
418 2914 518 2967 rimum
541 2931 571 2968 se
590 2913 627 2967 ad
643 2913 744 2983 poesin
763 2914 862 2983 utique
871 2914 901 2966 in
910 2914 995 2967 Italia
1005 2920 1057 2981 est,
1069 2912 1298 2981 quandoquidem

216 2982 326 3051 yricam
342 2987 386 3033 stu
407 2981 495 3034 iosius
512 2982 660 3036 colendam
679 2998 743 3035 con·
762 2981 856 3050 priore
875 2999 950 3035 anno
970 2988 1042 3035 teste
1057 2980 1167 3032 Dionel
1187 2987 1217 3032 et
1234 2996 1298 3030 con-

205 3050 286 3117 tulit,
305 3048 360 3101 boc
370 3055 415 3103 est
426 3049 492 3103 inde
502 3051 539 3103 ab
550 3066 575 3103 a.
585 3048 643 3102 724.
653 3066 743 3120 usque
763 3050 886 3103 sulatum
899 3050 989 3118 gessit
1002 3056 1031 3102 et
1044 3048 1156 3116 legibus
1171 3053 1215 3100 est
1225 3045 1299 3098 solu-

205 3116 405 3186 ada.l41.aut,
416 3117 508 3188 siquis
519 3118 559 3171 ita
568 3117 655 3185 malit,
667 3118 744 3188 quod
762 3123 808 3169 tus
823 3124 852 3171 et
865 3117 1010 3185 imperium
1024 3115 1227 3185 proconsulare
1237 3129 1298 3181 per-

203 3193 301 3239 tamen
324 3184 445 3238 fatemur
466 3185 549 3238 nobis
572 3185 663 3238 minus
680 3203 743 3255 pro·
761 3191 876 3265 petuam
891 3184 1015 3305 accepit,
1034 3182 1191 3303 posteriore
1206 3188 1299 3233 autem

203 3253 278 3320 bari,
288 3269 379 3322 usque
389 3254 427 3306 ad
437 3270 462 3306 a.
468 3252 526 3306 744„
536 3253 633 3323 lyricis
644 3254 743 3307 studiis
762 3254 828 3306 mdc
843 3270 860 3306 a
874 3253 918 3306 die
933 3253 950 3305 2
968 3292 974 3304 .
989 3269 1024 3303 m.
1054 3249 1112 3302 unir
1125 3249 1299 3302 tribunitiam

203 3321 245 3373 ita
256 3320 381 3373 deditum
391 3321 489 3388 fuisse,
507 3327 539 3374 ut
554 3327 661 3375 tantum
671 3321 744 3375 inter
762 3326 932 3390 potestatem
943 3325 1111 3399 perpetuam
1125 3317 1250 3386 suscepit
1259 3322 1299 3369 at·

205 3390 279 3441 duos
302 3388 391 3441 libros
411 3390 520 3458 priores
539 3396 624 3459 atque
642 3389 744 3442 librum
763 3405 819 3458 que
833 3405 897 3441 mox
912 3394 996 3442 etiam
1011 3386 1176 3440 Marcellum
1189 3403 1241 3455 pro
1256 3385 1299 3437 fu·

204 3456 319 3509 tertium
343 3457 466 3535 quinque
493 3457 580 3511 ferme
608 3474 743 3511 annorum
762 3474 829 3510 nere
847 3456 982 3510 laudavit
1016 3456 1058 3509 Ex
1073 3471 1129 3525 quo
1145 3461 1244 3523 sponte
1258 3454 1298 3505 in-

205 3523 329 3592 spatium
347 3529 524 3578 mterieetum
541 3525 629 3580 fuisse
649 3525 742 3579 videa·
762 3525 901 3594 telligitur
922 3523 985 3578 fieri
1008 3540 1076 3577 sane
1094 3530 1153 3576 tum
1170 3522 1299 3592 potuisse

204 3601 260 3656 tur,
281 3608 337 3660 quo
347 3592 416 3645 nihil
427 3593 506 3663 lyrici
516 3593 657 3647 cecinerit
680 3593 743 3657 Quo
763 3593 997 3659 commodissime,
1008 3598 1040 3645 ut
1049 3597 1136 3660 poeta
1147 3591 1300 3644 carminum

205 3659 320 3713 nomine
335 3660 515 3714 dissentimus
530 3678 597 3716 saue
615 3661 744 3715 nonnihil
763 3677 877 3720 suorum
890 3661 974 3713 modo
989 3660 1018 3712 in
1032 3677 1118 3712 unum
1128 3676 1230 3728 corpus
1242 3658 1298 3711 col·

206 3728 405 3782 cuml'rankio
417 3729 599 3797 etBentleio,
619 3729 743 3799 quipoe-
762 3728 899 3781 lectorum
922 3729 1053 3782 volumen
1071 3728 1108 3781 ad
1127 3744 1190 3781 eum
1208 3733 1298 3779 trans-

204 3804 263 3848 tam
294 3812 325 3849 er
334 3796 446 3875 longius
456 3803 567 3866 tempus
576 3796 649 3851 inter
658 3797 742 3850 2532.
762 3797 893 3850 mitteret.

204 3871 235 3916 et
245 3863 269 3916 Τ
296 3863 493 3918 .inter1eetum
505 3865 576 3918 nihil
590 3865 743 3935 quidquam
788 3865 846 3919 Sed
859 3864 1003 3918 veniamus
1019 3863 1172 3933 aliquando
1187 3862 1223 3914 ad
1233 3860 1299 3928 Epi·

204 3931 289 4000 lyrici
316 3933 507 4001 composuisse
538 3932 742 3987 iudicaverunt.
762 3933 852 3985 stolas
870 3932 997 4000 Horatii,
1044 3949 1096 3984 uas
1116 3930 1215 3984 eadem
1238 3927 1298 3980 fere

206 3999 343 4051 Nimirum
361 4006 519 4054 statuerunt
536 4001 579 4054 illi
596 4001 742 4071 aliquanto
761 4006 855 4055 aetate
874 4001 911 4054 ab
930 4017 964 4054 eo
984 4000 1037 4052 sori
1059 3999 1069 4050 i
1092 4004 1207 4066 coeptas
1226 4011 1297 4073 esse,

202 4067 289 4120 aliter
298 4068 334 4121 de
343 4068 419 4121 tertii
428 4068 491 4122 libri
501 4069 653 4133 natalibus,
661 4085 742 4138 quem
761 4086 818 4137 qua
833 4085 863 4123 se
878 4068 914 4122 ad
931 4067 1048 4120 melicae
1063 4065 1158 4134 poesis
1177 4062 1298 4115 studium

203 4135 347 4188 Frankius
355 4135 410 4189 iam
419 4138 559 4190 annol3L
568 4137 675 4190 velles.
685 4154 743 4189 una
762 4142 954 4203 converterat,
978 4132 1211 4203 quemadmodum
1234 4146 1298 4182 mox

204 4220 268 4255 curn
280 4204 392 4257 duobus
401 4204 480 4257 libris
486 4205 629 4274 prioribus
636 4204 742 4273 publici
760 4204 927 4271 videbimus,
946 4202 1022 4255 haud
1038 4216 1105 4253 sane
1120 4198 1235 4252 dubium
1250 4204 1299 4251 aut

202 4271 273 4324 iuris
283 4272 389 4325 factum
400 4289 462 4326 esse
472 4272 741 4341 censuit‚Bentleius
761 4279 973 4326 controversum
1000 4275 1051 4322 est.
1094 4266 1154 4320 Eae
1180 4282 1246 4345 vero
1275 4266 1298 4318 si

203 4346 299 4392 autem
309 4339 418 4394 intraa.
428 4341 485 4394 731.
496 4342 592 4396 et732.
608 4341 740 4409 scriptum
760 4340 905 4410 quaeritur
918 4355 952 4392 ex
967 4337 1133 4407 quibusnam
1149 4351 1229 4405 quasi
1243 4335 1297 4404 pri·

202 4406 388 4476 existimavit,
416 4426 500 4478 quum
524 4427 577 4463 nos
595 4409 673 4462 illum
691 4409 740 4462 ali·
759 4408 874 4461 mordiis
900 4402 1185 4475 progermiuaveriut,
1222 4403 1297 4457 haud

204 4482 312 4548 quanto
339 4482 406 4546 post
432 4494 457 4531 a.
480 4478 538 4531 731.
562 4478 607 4532 vel
629 4477 687 4531 732.
711 4477 740 4529 in
757 4481 1297 4545 ’1massuetus.commaculasset.
