3225 5442
304 690 367 755 180
632 698 667 764 Q.
681 696 846 754 HORATII
859 696 1009 755 FLACCI

302 883 401 945 aeque
419 857 597 944 neglectum
615 854 720 941 pueris
738 854 932 938 senibusque
951 855 1094 921 nocebit.

302 965 412 1030 restat,
430 952 532 1016 uthis
550 974 610 1036 ego
627 972 679 1013 me
696 948 764 1034 ipse
780 971 891 1035 regam
910 949 1062 1033 solerque
1081 951 1244 1017 elementis.

302 1072 366 1114 non
383 1047 486 1133 possis
504 1045 595 1109 oculo
612 1054 764 1127 quantum
782 1044 974 1108 contendere
993 1045 1161 1129 Lynceus,

304 1167 367 1207 non
385 1153 490 1205 tamen
507 1138 624 1202 idcireo
641 1148 823 1201 contemnas
840 1137 947 1222 lippus
967 1137 1086 1224 inungi
1091 1164 1101 1216 3

253 1258 286 1305 ao
302 1258 375 1312 nec,
393 1234 467 1318 quia
485 1233 632 1317 desperes
649 1231 757 1295 invicti
774 1230 918 1294 membra
935 1228 1110 1316 Glyconis,

303 1330 424 1396 nodosa
442 1349 555 1412 corpus
574 1325 654 1389 nolis
672 1324 837 1410 probibere
854 1324 1023 1411 cheragra.

304 1435 351 1489 est
369 1420 505 1506 quadam
522 1419 646 1506 prodire
664 1430 770 1496 tenus,
789 1418 816 1483 si
834 1442 897 1484 non
915 1419 1013 1483 datur
1031 1420 1126 1485 ultra.

303 1518 403 1581 servet
421 1515 550 1580 avaritia
567 1514 743 1596 miseroque
761 1511 905 1597 cupidine
923 1522 1055 1597 pectus:

305 1621 377 1675 sunt
394 1608 491 1673 verba
508 1619 539 1671 et
557 1630 666 1683 voces,
684 1606 798 1690 quibus
816 1606 900 1670 bunc
918 1606 1021 1671 lenire
1040 1608 1187 1673 dolorem

253 1727 286 1773 aa
304 1704 407 1790 possis
425 1714 457 1767 et
474 1724 622 1785 magnam
640 1700 741 1766 morbi
759 1701 915 1785 deponere
933 1712 1071 1785 partem.

303 1797 406 1861 laudis
424 1816 529 1860 amore
547 1805 664 1858 tumes:
683 1803 757 1858 sunt
773 1803 858 1858 certa
874 1793 1018 1878 piacula,
1038 1817 1125 1878 quae
1145 1806 1176 1860 te

304 1902 351 1954 ter
367 1911 445 1974 pure
462 1888 543 1951 lecto
560 1897 706 1972 poterunt
722 1909 862 1951 recreare
879 1886 997 1951 libello.

304 1983 444 2058 infidus,
463 1981 647 2058 iracundus,
665 1981 765 2058 iners,
782 1982 911 2045 vinosus
917 2028 927 2058 ,
946 1991 1083 2060 amator,

304 2102 397 2143 nemo
415 2079 494 2142 adeo
512 2078 597 2142 ferus
616 2087 678 2153 est,
697 2088 812 2141 utnon
829 2076 993 2140 mitescere
1012 2079 1130 2162 possit,

253 2195 287 2240 40
305 2174 333 2237 si
350 2173 444 2236 modo
462 2171 601 2235 culturae
618 2171 788 2257 patientem
805 2170 982 2235 commodet
1000 2194 1126 2236 aurem.

304 2268 402 2329 virtus
420 2276 469 2330 est
486 2265 597 2329 vitium
614 2266 740 2350 fugere,
759 2275 791 2330 et
808 2265 961 2349 sapientia
977 2265 1086 2349 prima

305 2360 435 2425 stultitia
452 2360 600 2424 caruisse.
623 2360 726 2437 tides,
745 2381 826 2442 quae
843 2358 982 2422 maxima
998 2360 1107 2424 credis

304 2477 375 2519 esse
393 2455 489 2531 mala,
509 2456 659 2540 exiguum
678 2476 809 2518 censum
826 2463 1011 2538 turpemque
1031 2456 1208 2542 repulsam,

304 2560 422 2632 quanto
440 2549 560 2613 devites
578 2548 676 2612 animi
693 2547 866 2635 capitisque
883 2546 1006 2612 labore:

253 2662 287 2709 45
305 2643 438 2729 impiger
454 2654 610 2708 extremos
629 2643 727 2707 curris
745 2652 898 2707 mercator
914 2642 955 2705 ad
972 2641 1075 2707 Indos

304 2762 361 2824 per
378 2761 463 2802 mare
480 2739 662 2824 pauperiem
679 2737 820 2823 fugiens,
838 2759 895 2821 per
912 2758 1003 2813 saxa,
1022 2759 1083 2821 per
1100 2736 1211 2823 ignes:

305 2855 344 2895 ne
362 2854 451 2896 cures
471 2855 521 2909 ea,
540 2854 621 2914 quae
639 2830 732 2896 stulto
750 2831 871 2895 miraris
890 2839 921 2894 et
938 2839 1040 2914 optas,

305 2927 424 2990 discere
443 2935 474 2990 et
492 2927 598 2990 audire
616 2935 648 2989 et
664 2925 785 2989 meliori
803 2926 928 2989 credere
945 2940 1009 2989 non
1026 2926 1100 2989 vis?

305 3021 375 3103 quis
394 3020 511 3083 circum
528 3041 628 3105 pagos
647 3027 678 3083 et
695 3019 813 3083 circum
831 3019 967 3104 compita
983 3042 1120 3103 pugnax

255 3133 288 3179 50
306 3137 421 3199 magna
438 3114 579 3176 coronari
597 3122 775 3177 contemnat
793 3111 957 3197 Olympia,
976 3114 1027 3176 cui
1047 3136 1134 3197 spes,
1164 3192 1171 3207 ,

305 3208 355 3270 cui
374 3208 414 3271 sit
432 3207 566 3271 conditio
585 3206 685 3270 dulcis
704 3207 770 3270 sine
788 3206 916 3292 pulvere
933 3206 1080 3292 palmae?

305 3300 398 3364 vilius
417 3311 580 3386 argentum
599 3310 646 3364 est
664 3323 753 3377 auro,
772 3301 940 3366 virtutibus
958 3324 1081 3364 eurum.

307 3417 345 3472 „o
364 3395 462 3471 cives,
482 3394 580 3471 cives,
600 3395 778 3476 quaerenda
795 3395 929 3479 pecunia
946 3394 1084 3479 primum
1104 3405 1164 3472 est,

305 3487 402 3550 virtus
420 3496 493 3571 post
509 3492 653 3552 numos.“
676 3488 754 3551 baec
771 3488 868 3553 lanus
887 3510 1029 3552 summus
1047 3486 1089 3551 ab
1108 3489 1176 3553 imo

254 3601 286 3647 55
304 3580 466 3664 prodocet3
484 3581 562 3644 haec
579 3581 722 3645 recinunt
739 3582 868 3646 iuvenes
887 3582 1002 3645 dictata
1021 3602 1182 3665 senesque

306 3671 410 3758 [laevo
428 3675 573 3759 suspensi
590 3675 712 3739 loculos
731 3676 935 3759 tabulamque
952 3672 1096 3760 lacerto]

305 3778 353 3831 est
370 3768 493 3833 animus
512 3769 581 3845 tibi,
602 3779 675 3833 sunt
692 3792 810 3847 mores,
829 3781 877 3834 est
894 3770 1003 3855 lingua
1020 3769 1182 3853 fidesque:

305 3863 362 3926 sed
379 3864 614 3948 quadringentis
634 3888 689 3927 sex
708 3874 828 3949 septem
846 3865 944 3928 millia
961 3864 1089 3940 desunt3

304 3955 393 4040 plebs
412 3957 482 4021 eris.
506 3969 538 4020 at
554 3958 644 4042 pueri
660 3958 818 4035 ludentes,
839 3980 915 4038 „rex
933 3956 1029 4033 eris,“
1050 3955 1150 4035 aiunt,

254 4068 286 4115 60
306 4050 453 4128 „sirecte
471 4051 599 4116 facies.“
624 4053 674 4116 bic
692 4075 800 4116 murus
819 4075 935 4116 aeneus
954 4060 1030 4127 esto,

304 4144 347 4207 nil
366 4146 504 4208 conscire
524 4145 597 4221 sibi,
616 4146 702 4209 nulla
719 4146 890 4230 pallescere
908 4145 1009 4230 culpa.

304 4235 433 4314 Roscia,
453 4238 503 4302 dic
522 4240 628 4316 sodes,
647 4239 757 4303 melior
773 4240 840 4316 lex,
860 4263 900 4303 an
917 4260 1085 4323 puerorum
1105 4247 1156 4303 est

304 4331 429 4406 naenia,
448 4353 528 4413 quae
546 4355 678 4417 regnum
696 4343 779 4397 recte
796 4332 983 4398 facientibus
1002 4332 1103 4408 offert,

306 4429 336 4483 et
353 4424 492 4487 maribus
512 4424 617 4489 Curiis
637 4437 668 4490 et
686 4427 851 4491 decantata
869 4425 1031 4492 Camillis?
