3225 5442
633 728 666 791 Q.
682 725 845 781 HORATII
858 723 999 779 FLAOOI

474 906 583 947 omnes
602 884 712 947 eodem
731 882 886 968 cogimur3
906 882 1044 945 omnium

473 987 616 1043 versatur
632 1000 711 1040 uma
729 977 828 1041 serius
847 976 934 1039 ocius

517 1094 585 1135 sors
604 1071 738 1148 exitura,
758 1081 789 1133 et
805 1093 863 1135 nos
882 1070 915 1133 in
932 1080 1092 1134 aeternum

560 1165 704 1229 exsilium
722 1165 906 1249 impositura
925 1163 1065 1248 cymbae.

679 1467 878 1527 CARMEN
900 1467 959 1525 IV.

575 1621 627 1669 nn
646 1620 852 1669 xnarruau
871 1619 1061 1670 PHOCEUM.

475 1763 523 1827 Ne
541 1763 581 1826 sit
599 1761 729 1826 ancillae
747 1761 803 1825 tibi
823 1784 910 1826 amor
926 1762 1048 1846 pudori,

475 1855 619 1920 Xanthia
636 1855 780 1920 Phoceu:
799 1856 885 1940 prius
903 1855 1087 1920 insolentem

477 1974 568 2015 serva
585 1949 705 2014 Briseis
722 1950 815 2013 niveo
834 1949 936 2013 colore

539 2044 638 2108 movit
655 2043 827 2120 Achillem3

477 2199 575 2262 movit
592 2197 725 2262 Aiacem
743 2197 915 2261 Telamone
933 2207 1041 2262 natum

475 2293 577 2356 forma
595 2291 738 2375 captivae
755 2291 1140 2367 dominumTecmessae3

476 2386 553 2449 arsit
569 2384 699 2449 Atrides
717 2385 821 2449 medio
839 2385 872 2449 in
890 2385 1046 2471 triumpho

540 2480 661 2565 virgine
677 2488 777 2564 rapta,

476 2632 625 2696 barbarae
643 2641 810 2718 postquam
828 2632 968 2696 cecidere
986 2641 1106 2696 turmae
1172 2711 1174 2714 .

478 2725 633 2789 Thessalo
650 2726 768 2791 victore
787 2735 819 2789 et
836 2727 1001 2811 ademptus
1020 2725 1141 2790 Hector

476 2819 602 2882 tradidit
619 2819 712 2884 fessis
730 2818 849 2883 leviora
866 2820 933 2883 tolli

538 2912 697 2999 Pergama
713 2910 830 2978 Graiis.

475 3066 613 3143 nescias,
632 3089 674 3131 an
690 3076 721 3130 te
738 3089 890 3153 generum
908 3068 991 3132 beati

478 3160 634 3246 Phyllidis
652 3162 752 3225 flavae
769 3162 918 3226 decorent
934 3172 1093 3247 parentes3

476 3256 598 3341 regium
615 3266 698 3319 certe
716 3279 818 3342 genus
837 3265 867 3320 et
885 3258 1021 3322 Penates

539 3358 657 3413 maeret
673 3349 806 3433 iniquos.

477 3503 582 3577 crede,
602 3525 664 3567 non
681 3503 768 3567 illam
786 3502 843 3567 tibi
861 3504 900 3567 de
919 3503 1051 3568 scelesta

476 3595 569 3679 plebe
588 3596 746 3672 dilectam,
765 3618 867 3679 neque
887 3597 932 3661 sic
949 3596 1084 3672 fidelem,

478 3688 524 3760 sic
541 3688 627 3753 lucro
645 3712 788 3753 aversam
806 3690 947 3775 potuisse
964 3690 1051 3753 nasci

541 3790 638 3845 matre
656 3783 812 3867 pudenda.

476 3933 604 3998 brachia
621 3944 652 3999 et
668 3935 790 3999 vultum
808 3945 983 4019 teretesque
1002 3959 1090 4000 suras

476 4026 598 4113 integer
614 4027 707 4093 laudo
713 4053 722 4105 ;
739 4028 816 4113 fuge
835 4029 995 4113 suspicari,

477 4120 566 4185 cuius
584 4130 729 4185 octavum
747 4123 914 4206 trepidavit
931 4132 1017 4186 aetas

541 4214 684 4279 claudere
702 4215 844 4279 lustrum.
