3225 5442
471 723 678 782 CARMINUM
694 725 769 780 LIB.
784 728 821 781 II.
1116 716 1157 782 41

258 907 309 949 me
327 883 428 948 dulcis
445 882 592 947 dominae
609 881 707 947 Musa
723 883 911 969 Licymniae

258 987 383 1055 cantus,
402 998 453 1041 me
471 976 570 1041 voluit
586 976 690 1041 dicero
707 976 847 1042 lucidum

257 1072 415 1160 fulgentes
434 1070 542 1136 oculos
561 1079 592 1135 et
609 1070 690 1136 bene
707 1072 825 1136 mutuis

319 1166 418 1229 fidum
435 1174 546 1254 pectus
564 1163 738 1243 amoribus3

256 1310 351 1371 quam
368 1308 427 1351 neo
444 1284 526 1349 ferre
543 1285 657 1370 pedem
674 1284 819 1349 dedecuit
837 1285 940 1351 choris

257 1404 315 1446 uec
332 1389 450 1446 certare
467 1380 537 1445 ioco
554 1401 614 1444 neo
631 1380 705 1444 dare
722 1377 851 1443 brachia

256 1476 415 1540 ludentem
433 1474 540 1539 nitidis
558 1473 733 1560 virginibus
752 1496 841 1538 sacro

320 1571 444 1635 Dianae
462 1567 594 1634 celebris
612 1569 673 1632 die.

256 1714 332 1754 num
349 1699 398 1767 tu,
417 1712 497 1773 quse
516 1689 615 1754 tenuit
632 1688 721 1754 dives
738 1687 959 1755 Achaemenes

256 1794 310 1848 aut
326 1784 453 1869 pinguis
470 1782 630 1869 Phrygiae
647 1781 840 1868 Mygdonias
858 1806 934 1868 opes

255 1886 432 1963 permutare
449 1877 527 1942 velis
545 1878 629 1943 crine
647 1877 844 1960 Licymniae,

318 1971 428 2056 plenas
446 1982 501 2035 aut
517 1970 662 2036 Arabum
680 1972 801 2048 domos,

256 2091 329 2154 dum
348 2090 512 2177 flagrantia
530 2092 694 2176 detorquet
711 2094 753 2156 ad
770 2093 879 2157 oscula

256 2184 423 2261 corticem,
442 2194 496 2249 aut
513 2185 599 2250 facili
616 2186 747 2251 saevitia
764 2197 868 2272 negat,

255 2299 335 2361 quae
353 2288 502 2364 poscente
519 2280 622 2366 magis
639 2281 777 2366 gaudeat
794 2281 881 2366 cripi,

317 2372 474 2437 interdum
490 2396 600 2459 rapere
618 2375 768 2460 occupet?

482 2601 681 2663 OARMEN
702 2603 798 2662 XHI.

215 2742 241 2792 N
259 2741 454 2809 ARBOREM,
474 2744 584 2795 CUIUS
604 2744 702 2797 CASU
719 2746 935 2798 REPENTINO
954 2749 1079 2798 PAENE

443 2844 654 2898 OPPRESSUS
672 2848 836 2899 FUERAT.

275 2972 333 3037 Ille
352 2983 384 3037 et
401 2972 525 3039 nefasto
542 2984 574 3039 te
590 2976 697 3060 posuit
713 2976 764 3040 die

274 3067 464 3151 quicumque
481 3070 630 3155 primum,
650 3079 681 3135 et
699 3070 853 3157 sacrilega
869 3095 965 3136 manu

316 3162 478 3246 produxit,
498 3163 605 3241 arbos,
623 3164 658 3227 in
675 3175 824 3249 nepotum

358 3256 528 3340 perniciem
546 3255 811 3342 opprobriumque
828 3259 917 3344 pagi;

274 3374 362 3437 illum
381 3385 412 3439 et
428 3377 566 3460 parentis
585 3377 770 3441 crediderim
788 3378 838 3441 sui

274 3468 408 3554 fregisse
426 3470 580 3534 cervicem
598 3480 629 3534 et
646 3472 818 3555 penetralia

296 3619 298 3623 .
318 3562 472 3646 sparsisse
490 3572 642 3628 nocturno
661 3586 770 3630 cruore

359 3655 491 3742 hospitis
497 3681 506 3734 3
524 3656 576 3720 ille
594 3680 716 3722 venena
734 3657 855 3723 Colcha

274 3783 305 3837 et
322 3774 475 3859 quidquid
492 3799 628 3860 usquam
646 3779 819 3864 concipitur
836 3779 926 3844 nefas

273 3869 430 3947 tractavit,
449 3892 526 3955 agro
544 3872 598 3954 qui
617 3872 725 3937 statuit
742 3895 814 3938 mco

316 3971 346 4026 te
365 3963 452 4028 triste
469 3964 604 4050 lignum,
623 3974 653 4030 te
672 3967 826 4031 caducum

357 4056 391 4119 in
408 4057 527 4122 domini
545 4068 638 4143 caput
655 4059 856 4124 immerentis.

273 4175 348 4257 quid
366 4174 500 4258 quisque
519 4177 609 4255 vitet,
628 4200 788 4260 nunquam
805 4176 925 4241 homini
944 4176 1019 4240 satis

273 4281 399 4336 cautum
417 4282 466 4338 est
482 4272 516 4337 in
532 4273 640 4339 horas:
658 4273 765 4337 navita
781 4274 960 4357 Bosporum

314 4365 442 4431 Poenus
460 4365 682 4452 perhorrescit,
703 4388 803 4450 neque
822 4366 917 4430 ultra·

359 4483 452 4526 caeca
469 4462 558 4526 timet
575 4461 699 4526 aliunde
717 4461 792 4537 fata,
