3225 5442
1202 638 1226 684 Ο

560 723 835 781 EPISTOLARUM
852 725 926 779 LIB.
940 726 978 780 ΙΙ.
1217 715 1281 780 223

287 894 322 949 »st
341 883 432 949 effert
449 882 545 949 animi
562 892 665 947 motus
683 883 850 967 interprete
868 881 984 968 lingua.

296 978 428 1043 dicentis
447 987 537 1043 erunt
554 975 686 1041 fortunis
705 974 825 1041 absona
841 976 933 1051 dicta,

285 1071 387 1136 omani
404 1070 513 1136 tollent
530 1070 650 1154 equites
667 1069 852 1154 peditesque
870 1069 1065 1135 cachinnum.

293 1163 432 1228 intererit
449 1162 581 1227 multum
599 1162 752 1227 Davusne
770 1162 915 1246 loquatur
932 1187 972 1228 an
990 1163 1091 1241 heros,

284 1267 432 1321 aturusne
451 1277 548 1320 senex
565 1278 606 1320 an
623 1255 727 1319 adhuc
744 1255 874 1320 florente
891 1256 1019 1321 iuventa

283 1350 405 1426 rvidus,
424 1372 465 1413 an
482 1359 624 1421 matrona
640 1358 766 1433 potens,
785 1371 827 1412 an
845 1350 954 1414 sedula
971 1351 1085 1427 nutrix,

284 1452 442 1507 ercatorne
461 1466 576 1528 vagus,
595 1442 734 1506 cultorne
752 1442 880 1506 virentis
899 1443 1001 1528 agelli,

282 1534 391 1601 olchus
410 1558 451 1599 an
467 1534 636 1621 Assyrius,
655 1534 774 1600 Thebis
792 1536 926 1600 nutritus
945 1559 985 1600 an
1003 1535 1112 1623 Argis.

280 1639 305 1694 rt
323 1630 441 1693 famam
461 1651 606 1713 sequere,
625 1640 680 1694 aut
697 1629 758 1695 sibi
775 1630 991 1695 convenientia
1007 1632 1101 1719 finge.

279 1726 384 1808 triptor
400 1723 586 1789 honoratum
604 1724 631 1789 si
649 1724 729 1789 forte
746 1724 872 1810 reponis
890 1723 1064 1804 Achillem;

278 1818 397 1903 npiger,
415 1818 598 1895 iracundus,
616 1817 831 1896 inexorabilis,
850 1840 922 1882 acer

277 1933 319 1974 rra
335 1919 430 1995 neget
448 1910 508 1975 sibi
524 1921 613 1988 nata,
631 1911 708 1974 nihil
726 1934 789 1974 non
808 1911 939 1996 adroget
956 1912 1060 1976 armis.

276 2013 292 2066 t
308 2003 426 2068 Medea
443 2005 532 2069 ferox
549 2006 740 2087 invictaque,
758 2003 871 2070 flebilis
889 2004 958 2081 Ino,

275 2097 388 2162 erfidus
406 2098 511 2175 lxion,
531 2099 567 2163 Io
584 2122 680 2184 vaga,
698 2098 795 2162 tristis
816 2096 958 2163 Orestes.

274 2195 279 2254 i
297 2192 373 2274 quid
389 2192 585 2277 inexpertum
604 2214 716 2257 scenae
734 2191 916 2268 committis,
936 2200 967 2255 et
985 2192 1081 2257 audes

273 2307 418 2349 ersonam
435 2285 569 2350 formare
586 2308 715 2362 novam3
735 2294 876 2349 servetur
894 2285 935 2348 ad
951 2284 1059 2362 imum,

273 2378 352 2442 ualis
371 2377 411 2442 ab
427 2378 552 2463 incepto
569 2378 769 2462 processerit,
789 2388 821 2442 et
839 2377 899 2442 sibi
917 2386 1047 2442 constet.

271 2470 378 2534 ifficile
397 2479 446 2534 est
463 2472 586 2556 proprie
605 2471 782 2535 communia
799 2471 916 2547 dicere;
935 2480 1031 2554 tuque

269 2564 364 2628 ectius
383 2563 515 2628 Iliacum
533 2586 659 2629 carmen
677 2565 805 2629 deducis
824 2565 973 2641 inactus,

268 2680 346 2739 *uam
364 2657 391 2722 si
407 2657 562 2742 proferres
579 2657 687 2743 ignota
704 2657 882 2742 indictaque
900 2659 1029 2743 primus.

267 2750 376 2814 ublica
392 2752 537 2817 materies
554 2752 668 2837 privati
686 2752 761 2817 iuris
780 2753 851 2829 erit,
872 2753 899 2817 si

266 2867 313 2907 ron
330 2844 412 2908 circa
428 2845 523 2910 vilem
540 2845 743 2930 patulumque
761 2846 932 2911 moraberis
951 2846 1072 2923 orbem3

265 2958 308 3001 rec
326 2936 456 3002 verbum
475 2938 570 3003 verbo
589 2939 713 3004 curabis
731 2940 862 3003 reddere
880 2939 962 3003 fidus

264 3040 416 3115 nterpres3
433 3052 492 3094 nec
511 3031 636 3096 desilies
653 3032 791 3096 imitator
808 3032 840 3094 in
859 3040 971 3107 artum,

263 3123 333 3186 ande
350 3124 463 3208 pedem
479 3124 619 3209 proferre
636 3126 738 3209 pudor
755 3134 839 3189 vetet
857 3132 911 3188 aut
928 3124 1031 3208 operis
1049 3123 1109 3187 lex.

262 3238 307 3281 rec
326 3216 371 3280 sic
388 3216 531 3301 incipies,
551 3228 586 3280 ut
603 3218 736 3303 scriptor
753 3217 889 3303 cyclicus
908 3216 996 3281 olim:

261 3310 429 3389 ‚fortunam
447 3311 565 3375 Priami
582 3311 715 3376 cantabo
734 3322 765 3376 et
782 3311 886 3376 nobile
904 3309 1051 3375 bellum.“

260 3404 326 3487 quid
342 3404 473 3489 dignum
490 3413 577 3471 tanto
595 3406 674 3470 feret
691 3406 742 3470 hic
759 3405 932 3491 promissor
948 3403 1055 3468 hiatu?

259 3498 421 3583 ⁴sarturient
437 3508 574 3577 montes,
592 3510 738 3566 nascetur
755 3500 905 3565 ridiculus
923 3522 1003 3563 mus.

258 3603 366 3675 quanto
383 3592 498 3657 rectius
516 3593 581 3671 hic,
600 3594 654 3678 qui
671 3594 716 3659 nil
733 3595 859 3659 molitur
875 3594 995 3679 inepte:
1026 3618 1029 3623 ’

257 3686 321 3764 ,dic
338 3685 414 3750 mihi
431 3686 529 3752 Musa
545 3688 662 3765 virum,
681 3699 790 3774 captae
808 3698 881 3774 post
898 3696 1040 3774 tempora
1058 3687 1171 3753 Troiae

256 3780 304 3863 qui
320 3803 424 3855 mores
442 3782 603 3846 hominum
620 3783 790 3847 multorum
808 3784 887 3848 vidit
905 3794 936 3848 et
953 3781 1078 3848 urbes.“

255 3896 313 3937 non
330 3874 452 3939 fumum
470 3898 510 3939 ex
527 3876 663 3962 fulgore,
683 3878 739 3942 sed
756 3899 797 3941 ex
815 3877 903 3941 fumo
921 3877 995 3941 dare
1013 3877 1115 3940 lucem

254 3967 380 4052 cogitat,
398 3976 434 4032 ut
452 3969 594 4054 speciosa
611 3969 725 4034 dehinc
743 3970 893 4033 miracula
910 3978 1041 4053 promat,

253 4058 444 4147 Antiphaten
463 4062 665 4148 Scyllamque
683 4073 804 4128 etcum
823 4062 964 4148 Cyclope
982 4061 1176 4147 Charybdim
1182 4087 1191 4138 3

252 4176 308 4219 nec
323 4156 458 4220 reditum
475 4156 641 4222 Diomedis
660 4156 699 4221 ab
717 4157 843 4221 interitu
860 4155 1025 4241 Meleagri,

251 4269 308 4312 nec
324 4249 451 4334 gemino
468 4250 586 4315 bellum
603 4250 775 4316 Troianum
794 4249 913 4313 orditur
930 4246 970 4313 ab
989 4270 1058 4312 ovo.

250 4362 374 4425 semper
391 4344 432 4407 ad
449 4353 595 4408 eventum
612 4344 741 4408 festinat
758 4344 840 4408 etin
857 4342 977 4406 medias
994 4362 1055 4417 res,

249 4457 312 4500 non
331 4459 421 4501 secus
440 4460 477 4503 ac
494 4448 599 4517 notas,
619 4439 792 4504 auditorem
810 4437 904 4522 rapit,
923 4446 954 4502 et
971 4458 1052 4520 quae
