3225 5442
220 683 285 750 200
547 691 581 757 Q.
594 688 762 747 HORATII
775 688 929 747 FLAccl

170 875 201 924 75
219 853 384 938 indignum
401 850 516 936 coges?
534 888 574 895 —
593 848 730 913 adimam
747 847 845 912 bono.
862 887 908 895 —
927 871 1047 935 nempe
1064 872 1162 937 pectre,
1176 875 1231 928 reor,

219 947 331 1023 lectos,
350 953 528 1030 argentumz
548 942 639 1008 tollas
655 940 742 1005 licetl
761 980 805 988 —-
823 942 859 1005 in
878 944 1020 1009 manicis
1039 955 1072 1010 et
1225 963 1227 967 ·

220 1038 423 1125 compedibus
443 1059 537 1101 saevo
555 1045 586 1099 te
604 1034 663 1100 sub
682 1034 814 1099 custode
831 1036 965 1100 tenebo.
987 1076 1032 1083 —

220 1134 289 1219 ipse
306 1133 399 1207 deus,
418 1130 510 1194 simul
529 1139 622 1212 atque
640 1128 757 1204 volam,
776 1150 830 1191 me
848 1128 969 1193 solvet.
990 1169 1035 1177 —
1053 1133 1166 1216 opinor,

220 1227 281 1291 hoc
299 1225 405 1291 sentit:
423 1224 551 1300 moriar3
570 1245 653 1288 mors
671 1222 781 1286 ultima
798 1222 886 1288 linea
904 1246 1018 1288 rerum
1038 1237 1095 1290 est.

549 1419 794 1483 EPISTOLA
817 1423 934 1484 XVII.

582 1567 638 1615 An
668 1565 895 1615 scaevam.

223 1693 391 1775 Quamvis,
412 1690 548 1770 Scaeva,
567 1692 644 1757 satis
661 1700 764 1776 perte
782 1690 840 1755 tibi
858 1693 1024 1771 consulis,
1044 1705 1078 1759 et
1096 1696 1164 1771 scis,

222 1809 284 1871 quo
302 1787 428 1852 tandem
446 1796 538 1872 pacto
557 1787 666 1851 deceat
683 1784 854 1852 maioribus
871 1787 937 1864 uti3

222 1882 308 1945 disce
326 1882 487 1946 docendus
505 1880 608 1944 adhuc
625 1901 706 1963 quae
725 1888 831 1943 censet
849 1880 1028 1959 amiculus,
1049 1892 1086 1947 ut
1104 1884 1131 1948 si

222 1996 335 2040 caecus
353 1975 411 2039 iter
429 1984 602 2039 monstrare
619 1973 708 2049 velit3
726 1983 830 2036 tamen
849 1972 985 2058 adspice
1004 1976 1034 2039 si
1053 1977 1132 2058 quid

189 2090 205 2135 5
224 2078 255 2132 et
271 2091 344 2146 nos,
364 2068 448 2151 quod
465 2090 556 2132 cures
572 2067 734 2152 proprium
751 2066 880 2143 fecisse,
899 2066 1087 2150 loquamur.

224 2162 251 2226 si
268 2172 299 2226 te
316 2173 406 2248 grata
423 2162 512 2246 quies
531 2171 563 2225 et
579 2161 712 2246 primam
729 2183 858 2225 somnus
876 2160 910 2223 in
929 2161 1047 2227 horam

223 2255 370 2331 delectat,
390 2255 416 2319 si
435 2265 465 2319 te
482 2253 586 2340 pultis
605 2254 813 2338 strepitusque
830 2263 985 2332 rotarum,

225 2350 251 2412 si
268 2349 371 2413 laedet
388 2371 544 2433 caupona,
563 2347 765 2412 Ferentinum
781 2346 826 2411 ire
844 2346 975 2413 iubebo.
1079 2414 1081 2418 ,

224 2465 297 2505 nam
315 2464 415 2524 neque
433 2441 581 2506 divitibus
600 2440 784 2526 contingunt
801 2440 917 2525 gaudia
937 2442 1027 2520 solis,

176 2557 207 2603 ιο
223 2559 282 2600 noc
300 2536 378 2600 vixit
395 2536 490 2612 male,
509 2535 563 2620 qui
580 2545 672 2600 natus
690 2536 890 2618 moriensque
907 2535 1037 2601 fefellit.

225 2630 253 2694 si
270 2630 418 2715 prodesse
436 2630 497 2693 tuis
515 2628 682 2715 paulloque
699 2627 866 2714 benignius
885 2628 996 2713 ipsum

225 2736 255 2787 te
274 2733 405 2787 tractare
423 2724 524 2800 voles,
544 2724 680 2788 accedes
693 2723 794 2788 siccus
813 2723 989 2788 inunctum.

227 2818 274 2896 „si
291 2819 456 2902 pranderet
474 2818 542 2882 olus
560 2818 726 2903 patienter,
745 2818 872 2903 regibus
890 2818 937 2881 uti

226 2913 322 2976 nollet
338 2912 551 2997 Aristippus“
571 2951 613 2959 -
632 2912 680 2991 „si
698 2912 790 2976 sciret
808 2912 935 2997 regibus
956 2914 1014 2990 uti,

179 3027 208 3071 15
226 3006 379 3070 fastidiret
397 3005 465 3070 olus
484 3006 537 3090 qui
556 3028 606 3069 me
624 3010 740 3070 notat.“
759 3044 800 3053 -
820 3006 918 3070 utrius
936 3005 1053 3070 horum

225 3100 321 3163 verba
338 3099 453 3183 probes
472 3109 503 3163 et
520 3099 617 3178 sacta,
637 3101 729 3178 doce3
747 3100 797 3163 vel
815 3100 917 3164 iunior
934 3102 1022 3177 audi,

226 3216 281 3258 cur
299 3194 339 3257 sit
356 3193 511 3278 Aristippi
528 3194 631 3278 potior
648 3195 810 3258 sententia.
832 3216 968 3276 namque

226 3288 403 3352 mordacem
422 3288 567 3370 cynicum
585 3287 630 3351 sic
648 3287 808 3365 eludebat,
826 3298 861 3352 ut
879 3288 980 3351 aiuntz

227 3403 349 3445 scurror
366 3403 426 3465 ego
443 3380 511 3465 ipse
529 3380 619 3458 mihi3
637 3381 754 3466 populo
772 3390 820 3445 tu:
839 3382 954 3446 rectius
972 3381 1036 3445 hoc
1055 3392 1087 3446 et

176 3495 208 3541 20
227 3474 418 3558 splendidius
437 3474 535 3538 multo
553 3489 614 3538 est:
634 3497 732 3558 equus
750 3484 785 3538 ut
802 3498 853 3539 me
870 3484 986 3559 portet,
1007 3476 1071 3540 alat
1089 3499 1159 3552 rex,

227 3567 366 3630 officium
384 3567 479 3631 facio:
499 3576 533 3630 tu
550 3568 655 3652 poscis
674 3569 748 3632 vilia
763 3590 877 3645 rerum,

227 3660 320 3724 dante
339 3661 451 3736 minor,
471 3661 614 3743 quamvis
633 3661 697 3725 fers
715 3671 746 3725 te
764 3662 879 3726 nullius
898 3671 1054 3746 egentem.

227 3753 328 3818 omnis
346 3753 542 3838 Aristippum
561 3755 666 3818 decuit
684 3755 768 3820 color
786 3765 817 3819 et
835 3764 933 3819 status
952 3764 983 3818 et
999 3777 1064 3833 res,

226 3855 397 3911 tentantem
414 3848 545 3924 maiora,
565 3848 629 3911 sere
647 3850 864 3932 praesentibus
882 3870 1027 3932 aequum.

176 3960 209 4008 25
228 3951 347 4019 contra,
366 3964 460 4025 quem
478 3942 594 4027 duplici
610 3965 715 4027 panno
732 3944 883 4029 patientia
899 3943 992 4020 velat,

226 4035 363 4100 mirabor
380 4037 461 4100 vitae
478 4037 530 4100 via
548 4037 575 4101 si
592 4059 744 4103 conversa
762 4037 893 4102 decebit.

227 4131 304 4194 alter
321 4152 511 4214 purpureum
528 4154 590 4195 non
609 4132 803 4216 exspectabit
821 4131 979 4206 amictum,

227 4223 378 4305 quidlibet
394 4224 521 4288 indutus
540 4225 741 4290 celeberrima
756 4247 814 4310 per
831 4225 900 4289 loca-
917 4224 1011 4287 vadet

226 4337 454 4399 personamque
471 4318 550 4382 feret
567 4341 630 4383 non
647 4320 851 4384 inconcinnus
869 4328 1047 4400 utramque3

177 4425 210 4473 30
227 4408 305 4472 alter
320 4408 424 4472 Mileti
442 4418 559 4475 textam
577 4435 653 4477 canc
670 4414 760 4499 peius
779 4423 811 4478 et
828 4413 924 4499 angui
