3225 5442
436 726 642 784 CARMINUM
659 727 733 782 LIB.
747 729 769 782 1.

403 974 603 1035 OARMEN
624 974 797 1035 XXXVII.

454 1117 509 1166 AD
533 1116 747 1168 SODALES.

258 1243 351 1308 Nune
368 1252 417 1307 est
433 1241 620 1319 bibendum,
638 1264 722 1306 nuno
738 1244 819 1327 pede
837 1243 935 1309 libero

258 1338 412 1422 pulsanda
430 1336 536 1413 tellus,
554 1359 638 1401 nuno
658 1335 832 1403 Saliaribus

300 1455 409 1498 ornare
426 1432 572 1518 prdvinar
588 1432 718 1497 deorum

343 1539 467 1612 tempus
486 1537 551 1591 erat
569 1525 717 1610 dapibus,
736 1528 859 1592 sodales
865 1554 875 1605 ;

259 1648 389 1712 antehae
406 1645 497 1711 nefas
515 1646 697 1731 depromere
717 1645 901 1713 Caecubum

259 1741 344 1806 cellis
362 1741 469 1819 avitis,
488 1741 564 1804 dum
583 1738 739 1825 Capitolio

299 1834 408 1921 regina
425 1835 585 1899 dementes
602 1834 709 1898 ruinas

342 1929 438 1992 funus
456 1937 487 1992 et
504 1927 635 2012 imperio
652 1927 783 2012 parabat

259 2048 467 2113 contaminato
485 2069 558 2111 oum
575 2069 672 2133 grege
691 2048 828 2132 turpium

258 2140 366 2206 morbo
384 2141 535 2218 virorum,
554 2139 706 2224 quidlibet
722 2142 877 2226 impotens

301 2257 426 2320 sperare
444 2233 631 2317 fortunaque
649 2234 733 2298 dulei

341 2327 436 2393 ebria.
456 2328 513 2393 sed
530 2327 642 2392 minuit
659 2328 796 2393 furorem

257 2452 311 2515 vix
328 2474 392 2515 una
409 2472 519 2535 sospes
536 2451 626 2515 navis
645 2451 684 2515 ab
703 2452 840 2537 ignibus,

257 2554 454 2628 mentemque
470 2543 665 2629 lymphatam
682 2542 858 2609 Mareotico

298 2638 419 2724 redegit
435 2638 468 2702 in
484 2660 577 2703 veros
595 2638 721 2703 timores
766 2702 772 2711 ,

344 2730 476 2808 Caesar,
496 2730 536 2795 ab
554 2730 647 2795 Italia
664 2732 824 2796 volantem

256 2850 350 2913 remis
368 2849 541 2935 adurgens,
561 2849 708 2934 accipiter
725 2850 812 2914 velut

257 2943 365 3008 molles
383 2942 560 3020 columbas,
579 2953 633 3007 aut
650 2943 790 3028 leporem
806 2943 887 3007 eitus

299 3048 428 3103 venator
444 3037 477 3102 in
494 3038 613 3123 campis
632 3038 743 3103 nivalis

340 3132 551 3211 Haemoniae,
570 3133 658 3197 daret
675 3142 710 3197 ut
728 3133 845 3197 catenis

256 3253 351 3318 fatale
368 3263 557 3319 monstrum:
575 3276 656 3337 quae
674 3254 857 3340 generosius

255 3348 356 3432 perire
374 3370 542 3431 quaerens,
561 3369 620 3412 neo
637 3346 830 3411 muliebriter

299 3442 425 3526 expavit
443 3463 565 3517 ensem,
585 3463 643 3505 neo
660 3441 793 3505 latentes

342 3535 442 3599 classe
460 3535 694 3619 oita.reparavit
712 3557 792 3610 oras,

256 3678 333 3719 ausa
350 3664 381 3720 et
397 3656 551 3719 iacentem
569 3655 671 3719 visere
688 3656 809 3740 regiam

256 3749 344 3813 vultu
362 3772 486 3826 sereno,
505 3749 595 3813 fortis
614 3758 645 3813 et
662 3772 791 3835 asperas

298 3853 429 3908 tractare
448 3852 623 3928 serpentes,
641 3853 677 3907 ut
694 3852 795 3907 atrum

340 3959 468 4022 corpore
486 3936 677 4001 combiberet
693 3959 859 4012 venenum,

256 4057 426 4122 deliberata
443 4067 543 4121 morte
560 4056 704 4133 ferocior,

257 4150 359 4214 saevis
376 4149 528 4215 Liburnis
547 4149 666 4214 seilicet
682 4149 826 4213 invidens

297 4244 420 4327 privata
437 4245 551 4308 deduoi
569 4242 705 4329 superbo

340 4359 404 4401 non
420 4337 547 4403 humilis
565 4338 677 4402 mulier
694 4334 860 4419 triumpho.
