3225 5442
635 694 668 759 Q.
683 692 849 749 HORATII
862 691 1002 748 FLAOCI

476 851 556 915 adde
574 851 658 933 quod
675 850 775 934 pubes
793 849 851 914 tibi
868 851 980 915 crescit
998 852 1108 928 omnis,

476 944 609 1009 servitus
628 945 739 1008 crescit
756 967 852 1021 nova3
871 967 930 1008 nec
946 946 1065 1029 priores

475 1037 589 1123 impiae
607 1041 723 1100 'tectum
741 1038 885 1102 dominae
902 1038 1090 1122 relinquunt,

540 1153 642 1216 saepe
653 1131 769 1194 minati.

476 1276 506 1329 te
525 1266 590 1330 suis
608 1276 723 1331 matres
742 1277 885 1332 metuunt
901 1268 1052 1345 iuvencis,

457 1369 506 1423 te
525 1381 616 1423 senes
633 1360 720 1443 parci
738 1360 932 1443 miseraeque
950 1384 1050 1445 nuper

475 1451 611 1537 virgines
630 1463 760 1538 nuptae,
779 1462 889 1518 tuane
907 1456 1042 1519 retardet

539 1569 615 1609 aura
632 1546 770 1610 maritos.

676 1771 956 1833 OARMENIX.

601 1913 690 1962 nn
727 1914 1017 1966 vanorum.

474 2038 547 2103 Non
565 2061 688 2123 semper
705 2038 820 2103 imbres
839 2039 975 2104 nubibus
993 2041 1134 2127 hispidos
1247 2094 1251 2102 .

476 2141 604 2196 manant
620 2132 654 2195 in
671 2155 764 2218 agros
782 2143 837 2196 aut
854 2156 939 2197 mare
958 2133 1110 2220 Caspium

518 2237 634 2291 vexant
650 2227 830 2310 inaequales
847 2229 1002 2312 procellae

561 2343 675 2404 usque3
693 2343 751 2384 neo
769 2320 928 2386 Armeniis
946 2324 979 2386 in
997 2324 1069 2400 oris,

476 2458 575 2521 amice
593 2456 703 2543 Valgi,
723 2468 784 2522 stat
800 2459 918 2544 glacies
936 2461 1019 2524 iners

475 2574 599 2617 menses
616 2574 673 2636 per
690 2575 814 2630 omnes,
833 2562 888 2617 aut
904 2554 1116 2637 Aquilonibus

517 2656 689 2730 querqueta
709 2644 852 2732 Gargani
868 2647 1011 2713 laborant

560 2751 591 2804 et
608 2740 691 2805 foliis
709 2741 877 2805 viduantur
894 2744 974 2807 orni:

476 2887 510 2941 tu
528 2899 651 2961 semper
670 2869 762 2963 urges
780 2878 936 2943 flebilibus
955 2881 1056 2945 modis

477 2971 609 3056 Mysten
626 2973 820 3058 ademptum,
840 2996 898 3037 nec
917 2973 972 3038 tibi
990 2974 1132 3059 Vespero

517 3076 665 3152 surgente
683 3067 838 3131 decedunt
855 3090 977 3132 amores

559 3183 618 3224 nec
634 3162 778 3245 rapidum
797 3161 937 3246 fugiente
957 3160 1073 3227 Solem.

426 3316 433 3330 ·
474 3307 506 3360 at
523 3319 587 3361 non
605 3307 652 3362 ter
669 3320 748 3363 aevo
765 3297 892 3363 functus
911 3298 1077 3363 amabilem

475 3390 609 3474 ploravit
626 3414 735 3456 omnes
752 3390 958 3457 Antilochum
978 3414 1074 3457 senex

518 3507 630 3561 annos,
649 3507 708 3550 nec
725 3485 886 3570 impubem
903 3483 1048 3570 parentes

562 3578 692 3643 Troilon
709 3589 763 3643 aut
780 3578 938 3664 Phrygiae
957 3602 1080 3644 sorores

475 3713 590 3778 flevere
609 3737 741 3799 semper.
760 3716 868 3781 ‹lesine
886 3716 1026 3780 mollium

475 3808 601 3872 tandem
619 3809 830 3892 querelarum,
849 3820 881 3874 et
897 3811 1001 3895 potius
1019 3833 1101 3875 nova

517 3911 679 3968 cantemus
696 3903 837 3989 Augusti
855 3913 982 3989 tropaea

561 3994 707 4061 Caesaris
726 4007 757 4061 et
773 3998 910 4082 rigidum
927 3997 1093 4084 Niphaten,

472 4135 668 4222 Medumque
685 4137 802 4201 flumen
819 4138 966 4223 gentibus
984 4138 1125 4202 additum

474 4229 564 4294 victis
581 4231 717 4296 minores
735 4231 861 4296 volvere
879 4232 1023 4309 vortices,

516 4323 657 4407 intraque
675 4326 900 4410 praescriptum
920 4324 1061 4391 Gelonos

560 4417 682 4502 eriguis
701 4418 840 4501 equitare
859 4420 986 4504 campis.
