3225 5442
442 735 648 793 CARMINUM
666 736 739 790 LIB.
754 738 776 791 1.

264 915 398 977 namque
416 914 467 956 mc
486 893 566 956 silva
582 892 676 977 lupus
695 894 726 955 in
747 891 876 968 Sabina,

263 990 338 1053 dum
355 1010 458 1052 meam
476 996 568 1051 canto
585 987 731 1073 Lalagen
748 997 779 1051 ct
796 989 878 1053 ultra

262 1083 429 1148 terminum
446 1081 529 1145 curis
547 1103 647 1166 vagor
664 1082 828 1166 expeditis,

325 1175 407 1261 fugit
424 1173 588 1250 inermem3

262 1312 353 1397 quale
370 1319 548 1396 portentum
565 1332 667 1394 neque
685 1311 827 1376 militaris

261 1405 404 1470 Daunias
421 1403 493 1468 latis
512 1402 566 1467 alit
584 1404 759 1481 aesculetis,

261 1521 319 1563 nec
336 1498 435 1562 Iubae
454 1496 545 1562 tellus
563 1507 706 1583 generat,
724 1498 851 1562 leonum

327 1591 414 1655 arida
430 1589 545 1654 nutrix.

262 1750 343 1813 pone
360 1750 425 1804 me,
444 1727 541 1813 pigris
561 1726 615 1790 ubi
632 1726 718 1791 nulla
737 1727 871 1819 campis¹

262 1821 353 1885 arbor
369 1819 488 1885 aestiva
505 1829 661 1884 recreatur
678 1843 763 1896 aura,

261 1916 345 1999 quod
361 1915 444 1978 latus
462 1912 572 1977 mundi
589 1912 723 1978 nebulae
741 1914 904 1998 malusque

324 2007 465 2093 Iuppiter
481 2017 587 2093 urget3

260 2166 341 2229 pone
360 2143 419 2208 sub
437 2165 530 2207 curru
547 2143 677 2207 nimium
694 2144 862 2228 propinqui

261 2238 335 2303 solis
353 2238 386 2301 in
403 2246 485 2301 terra
503 2236 648 2301 domibus
667 2245 795 2322 negata:

261 2331 350 2395 dulce
368 2331 521 2395 ridentem
538 2331 683 2417 Lalagen
701 2330 824 2407 amabo,

323 2425 414 2489 dulce
431 2424 620 2508 loquentem.

431 2681 777 2743 GARMENXXHI.

404 2826 478 2874 an
524 2825 797 2876 eunoun.

196 2942 201 2948 ’
258 2950 349 3015 Vitas
367 2950 515 3015 hinnuleo
532 2972 584 3013 me
602 2949 712 3015 similis
731 2949 832 3016 Chloe

258 3045 418 3126 quaerenti
434 3045 582 3129 pavidam
600 3044 759 3109 montibus
778 3045 857 3110 aviis

300 3149 430 3203 matrem
447 3162 512 3203 non
530 3140 597 3204 sine
614 3162 697 3204 vano
730 3150 736 3165 ‘

342 3256 487 3297 aurarum
505 3243 537 3297 ct
555 3234 654 3298 siliiac
672 3244 772 3311 metu3

257 3391 329 3431 nam
348 3391 405 3432 seu
422 3369 591 3434 mobilibus
610 3370 692 3435 veris
710 3371 863 3435 inhorruit

258 3462 409 3526 adventus
427 3463 525 3540 foliis,
545 3485 602 3527 seu
619 3462 735 3529 virides
752 3463 866 3528 rubum

298 3554 456 3619 dimovere
474 3555 617 3633 lacertae,

341 3657 371 3711 et
389 3649 482 3713 corde
500 3659 532 3713 et
548 3650 682 3736 genibus
701 3652 813 3715 tremit.

256 3784 342 3866 atqui
359 3806 422 3848 non
440 3806 500 3870 ego
518 3795 549 3849 tc
567 3785 655 3871 tigris
675 3796 709 3849 ut
727 3809 840 3872 aspera

256 3874 450 3943 Gaetulusve
467 3879 517 3943 leo
534 3879 679 3966 frangere
696 3903 882 3966 persequor;

297 3973 424 4036 tandem
441 3973 549 4037 desine
567 3984 698 4038 matrem

304 4116 308 4124 .
340 4067 526 4151 tempestiva
544 4067 633 4150 sequi
652 4068 726 4131 viro.
