3225 5442
579 698 611 763 Q.
627 696 791 752 HORATII
805 695 947 751 FLACCI

590 969 788 1031 CARMEN
810 969 934 1027 XXVI.

556 1113 959 1162 xovnuaauu

416 1238 491 1303 Vixi
508 1237 620 1323 puellis
639 1259 738 1322 nuper
755 1237 897 1314 idoneus,

416 1342 448 1397 et
464 1332 595 1396 militavi
612 1354 676 1395 non
694 1331 761 1395 sine
779 1329 892 1415 gloria3

458 1447 542 1490 nunc
559 1448 646 1489 arma
664 1423 909 1507 defunctumque
927 1424 1010 1489 bello

501 1518 644 1584 barbiton
660 1518 832 1603 hic⁸paries
850 1517 986 1595 habebit,

415 1655 540 1719 laevum
558 1655 695 1719 marinae
714 1654 768 1737 qui
785 1653 919 1719 Veneris
938 1654 1021 1719 latus

416 1750 561 1814 custodit.
580 1749 631 1813 hic
648 1748 700 1812 hic
717 1748 824 1832 ponite
841 1748 945 1813 lucida
995 1791 998 1802 ·

458 1843 577 1907 funalia
594 1852 626 1906 et
644 1851 748 1907 vectes
767 1851 799 1906 et
816 1864 907 1907 arcus

501 1937 652 2021 oppositis
671 1935 790 2000 foribus
809 1936 957 2001 minaces.

418 2097 437 2138 o
455 2095 535 2157 quae
553 2072 677 2137 beatam
696 2072 769 2136 diva
786 2082 873 2137 tenes
894 2071 1037 2157 Cyprum
1055 2083 1086 2136 et

420 2166 586 2251 Memphin
604 2175 761 2231 carentem
780 2164 925 2231 Sithonia
941 2166 1023 2243 nive,

459 2261 581 2346 regina,
601 2260 727 2325 sublimi
743 2259 868 2345 flagello

502 2364 597 2440 tange
617 2352 739 2419 Chloen
757 2354 856 2420 semel
874 2363 1080 2440 arrogantem.

578 2614 777 2674 OARMEN
797 2615 939 2675 XXVII.

553 2757 619 2805 no
653 2723 968 2806 cannarum.

416 2882 535 2967 lmpios
553 2904 663 2966 parrae
681 2882 846 2946 recinentis
865 2903 957 2946 omen

420 2977 513 3040 ducat
531 2984 562 3039 et
579 2998 755 3061 praegnans
774 2975 860 3039 canis
880 2985 933 3039 aut
951 2975 990 3040 ab
1009 2998 1086 3061 agro

419 3093 495 3134 rava
513 3071 679 3133 decurrens
696 3068 771 3154 lupa
787 3069 956 3133 Lanuvino

482 3165 608 3246 fetaque
628 3163 751 3247 vulpes3

417 3310 542 3385 rumpat
559 3310 590 3364 et
608 3322 736 3385 serpens
754 3299 813 3363 iter
830 3300 1016 3377 institutum,

419 3396 446 3458 si
463 3417 520 3479 per
537 3395 699 3477 obliquum
717 3394 827 3458 similis
847 3394 979 3479 sagittae

418 3490 527 3553 terruit
543 3512 690 3553 mannos:
709 3511 768 3575 ego
787 3489 837 3553 cui
855 3488 971 3554 timebo

484 3584 634 3668 providus
653 3606 782 3667 auspex,

418 3729 586 3802 antequam
605 3729 723 3785 stantes
741 3728 863 3805 repetat
879 3719 1010 3804 paludes

419 3813 564 3877 imbrium
583 3814 689 3878 divina
706 3814 773 3877 avis
791 3813 1018 3888 imminentum,

419 3907 557 3971 oscinem
575 3929 703 3971 corvum
721 3929 813 3991 prece
832 3906 990 3971 suscitabo

484 4001 559 4066 solis
577 4002 617 4067 ab
636 4010 715 4065 ortu.

421 4138 463 4203 sis
481 4138 554 4202 licet
572 4137 661 4214 felix,
680 4137 870 4221 ubicumque
887 4137 998 4219 mavis,

421 4241 452 4296 et
469 4255 589 4296 memor
605 4231 718 4308 nostri,
739 4228 886 4309 Galatea,
905 4231 1004 4307 vivas,

421 4335 514 4409 teque
531 4348 590 4391 nec
607 4325 715 4390 laevus
734 4335 819 4391 vetet
835 4326 880 4390 ire
897 4325 997 4410 picus,

483 4440 542 4483 nec
559 4442 641 4505 vaga
659 4419 775 4483 cornix.
