<?xml version="1.0" encoding="UTF-8"?>
<!DOCTYPE html PUBLIC "-//W3C//DTD XHTML 1.0 Transitional//EN"
    "http://www.w3.org/TR/xhtml1/DTD/xhtml1-transitional.dtd">
<html xmlns="http://www.w3.org/1999/xhtml" xml:lang="en" lang="en">
 <head>
  <title>
</title>
<meta http-equiv="Content-Type" content="text/html;charset=utf-8" />
  <meta name='ocr-system' content='tesseract 3.04.00' />
  <meta name='ocr-capabilities' content='ocr_page ocr_carea ocr_par ocr_line ocrx_word'/>
</head>
<body>
  <div class='ocr_page' id='page_1' title='image "./qhoratiiflaccio00stalgoog/qhoratiiflaccio00stalgoog_0255.png"; bbox 0 0 3225 5442; ppageno 0'>
   <div class='ocr_carea' id='block_1_1' title="bbox 524 721 1223 789">
    <p class='ocr_par' dir='ltr' id='par_1_1' title="bbox 524 721 1223 789">
     <span class='ocr_line' id='line_1_1' title="bbox 524 721 1223 789; baseline -0.001 0"><span class='ocrx_word' id='word_1_1' title='bbox 524 730 753 789; x_wconf 77' lang='lat' dir='ltr'>SATIRARUM</span> <span class='ocrx_word' id='word_1_2' title='bbox 769 731 844 786; x_wconf 86' lang='lat' dir='ltr'>LIB.</span> <span class='ocrx_word' id='word_1_3' title='bbox 858 732 896 787; x_wconf 91' lang='grc' dir='ltr'>Π.</span> <span class='ocrx_word' id='word_1_4' title='bbox 1163 721 1223 788; x_wconf 79' lang='grc'>167</span> 
     </span>
    </p>
   </div>
   <div class='ocr_carea' id='block_1_2' title="bbox 194 890 988 1073">
    <p class='ocr_par' dir='ltr' id='par_1_2' title="bbox 194 890 988 1073">
     <span class='ocr_line' id='line_1_2' title="bbox 194 890 988 967; baseline -0.008 -6"><span class='ocrx_word' id='word_1_5' title='bbox 194 916 259 961; x_wconf 91' lang='lat' dir='ltr'>non</span> <span class='ocrx_word' id='word_1_6' title='bbox 276 892 442 958; x_wconf 89' lang='lat' dir='ltr'>mediocris</span> <span class='ocrx_word' id='word_1_7' title='bbox 460 891 556 967; x_wconf 91' lang='lat' dir='ltr'>inest,</span> <span class='ocrx_word' id='word_1_8' title='bbox 574 890 678 954; x_wconf 84' lang='lat' dir='ltr'>fontes</span> <span class='ocrx_word' id='word_1_9' title='bbox 696 898 732 953; x_wconf 88' lang='lat' dir='ltr'>nt</span> <span class='ocrx_word' id='word_1_10' title='bbox 749 890 835 954; x_wconf 89' lang='lat' dir='ltr'>adire</span> <span class='ocrx_word' id='word_1_11' title='bbox 853 899 988 955; x_wconf 89' lang='lat' dir='ltr'>remotos</span> 
     </span>
     <span class='ocr_line' id='line_1_3' title="bbox 195 982 987 1073; baseline -0.009 -19"><span class='ocrx_word' id='word_1_12' title='bbox 195 999 290 1073; x_wconf 89' lang='lat' dir='ltr'>atque</span> <span class='ocrx_word' id='word_1_13' title='bbox 309 986 432 1051; x_wconf 86' lang='lat' dir='ltr'>haurire</span> <span class='ocrx_word' id='word_1_14' title='bbox 450 1006 564 1069; x_wconf 85' lang='lat' dir='ltr'>queam</span> <span class='ocrx_word' id='word_1_15' title='bbox 581 983 664 1048; x_wconf 83' lang='lat' dir='ltr'>vitae</span> <span class='ocrx_word' id='word_1_16' title='bbox 681 993 849 1069; x_wconf 88' lang='lat' dir='ltr'>praecepta</span> <span class='ocrx_word' id='word_1_17' title='bbox 866 982 987 1048; x_wconf 84' lang='lat' dir='ltr'>beatae.</span> 
     </span>
    </p>
   </div>
   <div class='ocr_carea' id='block_1_3' title="bbox 587 1226 834 1287">
    <p class='ocr_par' dir='ltr' id='par_1_3' title="bbox 587 1226 834 1287">
     <span class='ocr_line' id='line_1_4' title="bbox 587 1226 834 1287; baseline -0.004 0"><span class='ocrx_word' id='word_1_18' title='bbox 587 1226 770 1287; x_wconf 85' lang='lat' dir='ltr'><strong>SATIRA</strong></span> <span class='ocrx_word' id='word_1_19' title='bbox 791 1226 834 1286; x_wconf 86' lang='lat' dir='ltr'>V.</span> 
     </span>
    </p>
   </div>
   <div class='ocr_carea' id='block_1_4' title="bbox 193 1359 1205 4553">
    <p class='ocr_par' dir='ltr' id='par_1_4' title="bbox 195 1359 1132 2011">
     <span class='ocr_line' id='line_1_5' title="bbox 197 1359 1003 1446; baseline -0.007 -16"><span class='ocrx_word' id='word_1_20' title='bbox 197 1365 271 1430; x_wconf 85' lang='lat' dir='ltr'>Hoc</span> <span class='ocrx_word' id='word_1_21' title='bbox 289 1384 428 1446; x_wconf 88' lang='lat' dir='ltr'>quoque,</span> <span class='ocrx_word' id='word_1_22' title='bbox 448 1359 584 1437; x_wconf 86' lang='lat' dir='ltr'><strong>Tiresia,</strong></span> <span class='ocrx_word' id='word_1_23' title='bbox 602 1368 727 1445; x_wconf 88' lang='lat' dir='ltr'>praeter</span> <span class='ocrx_word' id='word_1_24' title='bbox 743 1368 868 1423; x_wconf 87' lang='lat' dir='ltr'>narrata</span> <span class='ocrx_word' id='word_1_25' title='bbox 885 1361 1003 1443; x_wconf 88' lang='lat' dir='ltr'>petenti</span> 
     </span>
     <span class='ocr_line' id='line_1_6' title="bbox 195 1454 1011 1543; baseline -0.005 -20"><span class='ocrx_word' id='word_1_26' title='bbox 195 1458 366 1543; x_wconf 87' lang='lat' dir='ltr'>responde,</span> <span class='ocrx_word' id='word_1_27' title='bbox 385 1454 499 1540; x_wconf 91' lang='lat' dir='ltr'>quibus</span> <span class='ocrx_word' id='word_1_28' title='bbox 517 1454 650 1519; x_wconf 90' lang='lat' dir='ltr'>amissas</span> <span class='ocrx_word' id='word_1_29' title='bbox 667 1475 812 1538; x_wconf 90' lang='lat' dir='ltr'>reparare</span> <span class='ocrx_word' id='word_1_30' title='bbox 830 1475 943 1536; x_wconf 84' lang='lat' dir='ltr'>queam</span> <span class='ocrx_word' id='word_1_31' title='bbox 960 1477 1011 1519; x_wconf 90' lang='lat' dir='ltr'>res</span> 
     </span>
     <span class='ocr_line' id='line_1_7' title="bbox 197 1546 1083 1633; baseline -0.002 -16"><span class='ocrx_word' id='word_1_32' title='bbox 197 1552 317 1617; x_wconf 89' lang='lat' dir='ltr'>artibus</span> <span class='ocrx_word' id='word_1_33' title='bbox 336 1560 429 1633; x_wconf 88' lang='lat' dir='ltr'>atque</span> <span class='ocrx_word' id='word_1_34' title='bbox 446 1548 558 1612; x_wconf 90' lang='lat' dir='ltr'>modis.</span> <span class='ocrx_word' id='word_1_35' title='bbox 578 1548 654 1631; x_wconf 91' lang='lat' dir='ltr'>quid</span> <span class='ocrx_word' id='word_1_36' title='bbox 672 1548 774 1611; x_wconf 84' lang='lat' dir='ltr'>rides?</span> <span class='ocrx_word' id='word_1_37' title='bbox 791 1586 832 1593; x_wconf 96' lang='lat'><em>-</em></span> <span class='ocrx_word' id='word_1_38' title='bbox 851 1546 955 1611; x_wconf 88' lang='lat' dir='ltr'>iamne</span> <span class='ocrx_word' id='word_1_39' title='bbox 973 1548 1083 1615; x_wconf 92' lang='lat' dir='ltr'>doloso</span> 
     </span>
     <span class='ocr_line' id='line_1_8' title="bbox 195 1641 1054 1727; baseline -0.002 -16"><span class='ocrx_word' id='word_1_40' title='bbox 195 1669 260 1711; x_wconf 93' lang='lat' dir='ltr'>non</span> <span class='ocrx_word' id='word_1_41' title='bbox 277 1645 352 1710; x_wconf 86' lang='lat' dir='ltr'>satis</span> <span class='ocrx_word' id='word_1_42' title='bbox 371 1653 419 1708; x_wconf 90' lang='lat' dir='ltr'>est</span> <span class='ocrx_word' id='word_1_43' title='bbox 436 1642 579 1707; x_wconf 80' lang='lat' dir='ltr'><strong>Ithacam</strong></span> <span class='ocrx_word' id='word_1_44' title='bbox 595 1641 703 1707; x_wconf 88' lang='lat' dir='ltr'>revehi</span> <span class='ocrx_word' id='word_1_45' title='bbox 719 1641 900 1727; x_wconf 87' lang='lat' dir='ltr'>patriosque</span> <span class='ocrx_word' id='word_1_46' title='bbox 917 1642 1054 1709; x_wconf 83' lang='lat' dir='ltr'>Penates</span> 
     </span>
     <span class='ocr_line' id='line_1_9' title="bbox 197 1736 1080 1824; baseline -0.001 -20"><span class='ocrx_word' id='word_1_47' title='bbox 197 1738 378 1824; x_wconf 84' lang='lat' dir='ltr'>adspicere?</span> <span class='ocrx_word' id='word_1_48' title='bbox 395 1776 437 1784; x_wconf 92' lang='lat'><strong>—</strong></span> <span class='ocrx_word' id='word_1_49' title='bbox 456 1760 475 1802; x_wconf 94' lang='lat' dir='ltr'>o</span> <span class='ocrx_word' id='word_1_50' title='bbox 492 1737 570 1800; x_wconf 92' lang='lat' dir='ltr'>nulli</span> <span class='ocrx_word' id='word_1_51' title='bbox 588 1736 759 1819; x_wconf 89' lang='lat' dir='ltr'>quidquam</span> <span class='ocrx_word' id='word_1_52' title='bbox 777 1736 919 1812; x_wconf 90' lang='lat' dir='ltr'>mentite,</span> <span class='ocrx_word' id='word_1_53' title='bbox 938 1737 1026 1803; x_wconf 88' lang='lat' dir='ltr'>vides</span> <span class='ocrx_word' id='word_1_54' title='bbox 1045 1749 1080 1802; x_wconf 89' lang='lat' dir='ltr'>ut</span> 
     </span>
     <span class='ocr_line' id='line_1_10' title="bbox 196 1831 1132 1917; baseline 0 -19"><span class='ocrx_word' id='word_1_55' title='bbox 196 1834 300 1898; x_wconf 92' lang='lat' dir='ltr'>nudus</span> <span class='ocrx_word' id='word_1_56' title='bbox 318 1833 472 1917; x_wconf 88' lang='lat' dir='ltr'>inopsque</span> <span class='ocrx_word' id='word_1_57' title='bbox 490 1832 619 1895; x_wconf 93' lang='lat' dir='ltr'>domum</span> <span class='ocrx_word' id='word_1_58' title='bbox 635 1831 777 1907; x_wconf 83' lang='lat' dir='ltr'>redeam,</span> <span class='ocrx_word' id='word_1_59' title='bbox 796 1841 827 1895; x_wconf 93' lang='lat' dir='ltr'>te</span> <span class='ocrx_word' id='word_1_60' title='bbox 844 1840 931 1908; x_wconf 88' lang='lat' dir='ltr'>vate,</span> <span class='ocrx_word' id='word_1_61' title='bbox 949 1853 1050 1915; x_wconf 89' lang='lat' dir='ltr'>neque</span> <span class='ocrx_word' id='word_1_62' title='bbox 1068 1834 1132 1898; x_wconf 91' lang='lat' dir='ltr'>illio</span> 
     </span>
     <span class='ocr_line' id='line_1_11' title="bbox 195 1925 1049 2011; baseline -0.002 -19"><span class='ocrx_word' id='word_1_63' title='bbox 195 1937 251 1992; x_wconf 90' lang='lat' dir='ltr'>aut</span> <span class='ocrx_word' id='word_1_64' title='bbox 268 1926 422 2011; x_wconf 76' lang='lat' dir='ltr'>apotheca</span> <span class='ocrx_word' id='word_1_65' title='bbox 438 1925 541 2010; x_wconf 91' lang='lat' dir='ltr'>procis</span> <span class='ocrx_word' id='word_1_66' title='bbox 559 1925 676 1989; x_wconf 88' lang='lat' dir='ltr'>intacta</span> <span class='ocrx_word' id='word_1_67' title='bbox 693 1932 743 1989; x_wconf 87' lang='lat' dir='ltr'>est</span> <span class='ocrx_word' id='word_1_68' title='bbox 760 1934 814 1988; x_wconf 91' lang='lat' dir='ltr'>aut</span> <span class='ocrx_word' id='word_1_69' title='bbox 831 1946 944 2009; x_wconf 84' lang='lat' dir='ltr'>pecus:</span> <span class='ocrx_word' id='word_1_70' title='bbox 963 1927 1049 2009; x_wconf 88' lang='lat' dir='ltr'>atqui</span> 
     </span>
    </p>

    <p class='ocr_par' dir='ltr' id='par_1_5' title="bbox 195 2018 1066 2294">
     <span class='ocr_line' id='line_1_12' title="bbox 196 2018 1066 2107; baseline -0.002 -22"><span class='ocrx_word' id='word_1_71' title='bbox 196 2032 227 2086; x_wconf 88' lang='lat' dir='ltr'>et</span> <span class='ocrx_word' id='word_1_72' title='bbox 244 2043 346 2107; x_wconf 85' lang='lat' dir='ltr'>genus</span> <span class='ocrx_word' id='word_1_73' title='bbox 365 2029 397 2085; x_wconf 89' lang='lat' dir='ltr'>et</span> <span class='ocrx_word' id='word_1_74' title='bbox 413 2020 512 2085; x_wconf 87' lang='lat' dir='ltr'>virtus</span> <span class='ocrx_word' id='word_1_75' title='bbox 530 2019 591 2083; x_wconf 91' lang='lat' dir='ltr'>nisi</span> <span class='ocrx_word' id='word_1_76' title='bbox 609 2041 681 2083; x_wconf 93' lang='lat' dir='ltr'>cum</span> <span class='ocrx_word' id='word_1_77' title='bbox 697 2041 732 2083; x_wconf 90' lang='lat' dir='ltr'>re</span> <span class='ocrx_word' id='word_1_78' title='bbox 750 2018 841 2082; x_wconf 90' lang='lat' dir='ltr'>vilior</span> <span class='ocrx_word' id='word_1_79' title='bbox 858 2019 931 2104; x_wconf 85' lang='lat' dir='ltr'>alga</span> <span class='ocrx_word' id='word_1_80' title='bbox 948 2029 1005 2084; x_wconf 89' lang='lat' dir='ltr'>est.</span> <span class='ocrx_word' id='word_1_81' title='bbox 1025 2058 1066 2068; x_wconf 92' lang='lat'>—-</span> 
     </span>
     <span class='ocr_line' id='line_1_13' title="bbox 195 2110 1018 2200; baseline -0.002 -21"><span class='ocrx_word' id='word_1_82' title='bbox 195 2115 321 2198; x_wconf 88' lang='lat' dir='ltr'>quando</span> <span class='ocrx_word' id='word_1_83' title='bbox 339 2114 535 2200; x_wconf 88' lang='lat' dir='ltr'>pauperiem,</span> <span class='ocrx_word' id='word_1_84' title='bbox 554 2112 659 2177; x_wconf 90' lang='lat' dir='ltr'>missis</span> <span class='ocrx_word' id='word_1_85' title='bbox 678 2110 880 2198; x_wconf 85' lang='lat' dir='ltr'>ambagibus,</span> <span class='ocrx_word' id='word_1_86' title='bbox 900 2112 1018 2191; x_wconf 89' lang='lat' dir='ltr'>horres,</span> 
     </span>
     <span class='ocr_line' id='line_1_14' title="bbox 195 2206 942 2294; baseline -0.004 -22"><span class='ocrx_word' id='word_1_87' title='bbox 195 2209 303 2294; x_wconf 82' lang='lat' dir='ltr'>accipe</span> <span class='ocrx_word' id='word_1_88' title='bbox 321 2229 383 2290; x_wconf 91' lang='lat' dir='ltr'>qna</span> <span class='ocrx_word' id='word_1_89' title='bbox 399 2206 518 2271; x_wconf 88' lang='lat' dir='ltr'>ratione</span> <span class='ocrx_word' id='word_1_90' title='bbox 536 2228 633 2288; x_wconf 88' lang='lat' dir='ltr'>queas</span> <span class='ocrx_word' id='word_1_91' title='bbox 652 2206 813 2271; x_wconf 83' lang='lat' dir='ltr'>ditescere.</span> <span class='ocrx_word' id='word_1_92' title='bbox 832 2206 942 2270; x_wconf 87' lang='lat' dir='ltr'>turdus</span> 
     </span>
    </p>

    <p class='ocr_par' dir='ltr' id='par_1_6' title="bbox 195 2298 985 2385">
     <span class='ocr_line' id='line_1_15' title="bbox 195 2298 985 2385; baseline -0.003 -19"><span class='ocrx_word' id='word_1_93' title='bbox 195 2303 263 2367; x_wconf 83' lang='lat' dir='ltr'>sire</span> <span class='ocrx_word' id='word_1_94' title='bbox 282 2301 366 2365; x_wconf 90' lang='lat' dir='ltr'>aliud</span> <span class='ocrx_word' id='word_1_95' title='bbox 384 2300 508 2385; x_wconf 87' lang='lat' dir='ltr'>privum</span> <span class='ocrx_word' id='word_1_96' title='bbox 527 2299 652 2364; x_wconf 89' lang='lat' dir='ltr'>dabitur</span> <span class='ocrx_word' id='word_1_97' title='bbox 669 2298 739 2377; x_wconf 89' lang='lat' dir='ltr'>tibi,</span> <span class='ocrx_word' id='word_1_98' title='bbox 759 2299 884 2364; x_wconf 81' lang='lat' dir='ltr'>devolet</span> <span class='ocrx_word' id='word_1_99' title='bbox 901 2300 985 2379; x_wconf 89' lang='lat' dir='ltr'>illuc,</span> 
     </span>
    </p>

    <p class='ocr_par' dir='ltr' id='par_1_7' title="bbox 193 2393 1054 2481">
     <span class='ocr_line' id='line_1_16' title="bbox 193 2393 1054 2481; baseline 0 -21"><span class='ocrx_word' id='word_1_100' title='bbox 193 2419 246 2460; x_wconf 90' lang='lat' dir='ltr'>res</span> <span class='ocrx_word' id='word_1_101' title='bbox 265 2395 319 2460; x_wconf 91' lang='lat' dir='ltr'>ubi</span> <span class='ocrx_word' id='word_1_102' title='bbox 336 2417 452 2480; x_wconf 84' lang='lat' dir='ltr'>magna</span> <span class='ocrx_word' id='word_1_103' title='bbox 468 2393 562 2470; x_wconf 85' lang='lat' dir='ltr'>nitet,</span> <span class='ocrx_word' id='word_1_104' title='bbox 582 2394 708 2458; x_wconf 90' lang='lat' dir='ltr'>domino</span> <span class='ocrx_word' id='word_1_105' title='bbox 728 2416 819 2473; x_wconf 89' lang='lat' dir='ltr'>sene;</span> <span class='ocrx_word' id='word_1_106' title='bbox 837 2394 942 2459; x_wconf 88' lang='lat' dir='ltr'>dulcia</span> <span class='ocrx_word' id='word_1_107' title='bbox 958 2418 1054 2481; x_wconf 87' lang='lat' dir='ltr'>poma</span> 
     </span>
    </p>

    <p class='ocr_par' dir='ltr' id='par_1_8' title="bbox 194 2488 1053 2669">
     <span class='ocr_line' id='line_1_17' title="bbox 195 2488 1053 2573; baseline -0.001 -18"><span class='ocrx_word' id='word_1_108' title='bbox 195 2501 228 2555; x_wconf 90' lang='lat' dir='ltr'>et</span> <span class='ocrx_word' id='word_1_109' title='bbox 245 2511 459 2573; x_wconf 89' lang='lat' dir='ltr'>quoscumque</span> <span class='ocrx_word' id='word_1_110' title='bbox 476 2488 556 2553; x_wconf 83' lang='lat' dir='ltr'>feret</span> <span class='ocrx_word' id='word_1_111' title='bbox 574 2489 676 2553; x_wconf 90' lang='lat' dir='ltr'>cultus</span> <span class='ocrx_word' id='word_1_112' title='bbox 696 2488 753 2554; x_wconf 93' lang='lat' dir='ltr'>tibi</span> <span class='ocrx_word' id='word_1_113' title='bbox 769 2490 887 2555; x_wconf 80' lang='lat' dir='ltr'>fundus</span> <span class='ocrx_word' id='word_1_114' title='bbox 907 2490 1053 2568; x_wconf 90' lang='lat' dir='ltr'>honores,</span> 
     </span>
     <span class='ocr_line' id='line_1_18' title="bbox 194 2584 975 2669; baseline 0.001 -22"><span class='ocrx_word' id='word_1_115' title='bbox 194 2594 267 2648; x_wconf 88' lang='lat' dir='ltr'>ante</span> <span class='ocrx_word' id='word_1_116' title='bbox 284 2584 403 2649; x_wconf 88' lang='lat' dir='ltr'>Larem</span> <span class='ocrx_word' id='word_1_117' title='bbox 420 2592 528 2669; x_wconf 84' lang='lat' dir='ltr'>gustet</span> <span class='ocrx_word' id='word_1_118' title='bbox 544 2584 751 2648; x_wconf 87' lang='lat' dir='ltr'>venerabilior</span> <span class='ocrx_word' id='word_1_119' title='bbox 767 2585 854 2649; x_wconf 88' lang='lat' dir='ltr'>Lare</span> <span class='ocrx_word' id='word_1_120' title='bbox 872 2584 975 2662; x_wconf 84' lang='lat' dir='ltr'>dives3</span> 
     </span>
    </p>

    <p class='ocr_par' dir='ltr' id='par_1_9' title="bbox 194 2676 1043 2857">
     <span class='ocr_line' id='line_1_19' title="bbox 194 2676 1043 2764; baseline 0.001 -23"><span class='ocrx_word' id='word_1_121' title='bbox 194 2678 250 2761; x_wconf 93' lang='lat' dir='ltr'>qui</span> <span class='ocrx_word' id='word_1_122' title='bbox 267 2677 410 2760; x_wconf 87' lang='lat' dir='ltr'>quamvis</span> <span class='ocrx_word' id='word_1_123' title='bbox 428 2676 572 2762; x_wconf 88' lang='lat' dir='ltr'>periurus</span> <span class='ocrx_word' id='word_1_124' title='bbox 592 2678 663 2754; x_wconf 92' lang='lat' dir='ltr'>erit,</span> <span class='ocrx_word' id='word_1_125' title='bbox 683 2677 750 2742; x_wconf 90' lang='lat' dir='ltr'>sine</span> <span class='ocrx_word' id='word_1_126' title='bbox 768 2687 877 2764; x_wconf 84' lang='lat' dir='ltr'>gente,</span> <span class='ocrx_word' id='word_1_127' title='bbox 897 2687 1043 2743; x_wconf 91' lang='lat' dir='ltr'>cruentus</span> 
     </span>
     <span class='ocr_line' id='line_1_20' title="bbox 195 2769 934 2857; baseline -0.004 -20"><span class='ocrx_word' id='word_1_128' title='bbox 195 2771 349 2857; x_wconf 86' lang='lat' dir='ltr'>sanguine</span> <span class='ocrx_word' id='word_1_129' title='bbox 366 2770 518 2847; x_wconf 86' lang='lat' dir='ltr'>fratem0‚</span> <span class='ocrx_word' id='word_1_130' title='bbox 538 2769 691 2855; x_wconf 87' lang='lat' dir='ltr'>fugitivus</span> <span class='ocrx_word' id='word_1_131' title='bbox 708 2793 748 2835; x_wconf 94' lang='lat' dir='ltr'>ne</span> <span class='ocrx_word' id='word_1_132' title='bbox 767 2781 872 2835; x_wconf 90' lang='lat' dir='ltr'>tamen</span> <span class='ocrx_word' id='word_1_133' title='bbox 890 2771 934 2835; x_wconf 92' lang='lat' dir='ltr'>illi</span> 
     </span>
    </p>

    <p class='ocr_par' dir='ltr' id='par_1_10' title="bbox 194 2864 1011 2949">
     <span class='ocr_line' id='line_1_21' title="bbox 194 2864 1011 2949; baseline 0.001 -20"><span class='ocrx_word' id='word_1_134' title='bbox 194 2874 231 2930; x_wconf 93' lang='lat' dir='ltr'>tn</span> <span class='ocrx_word' id='word_1_135' title='bbox 248 2886 352 2930; x_wconf 89' lang='lat' dir='ltr'>comes</span> <span class='ocrx_word' id='word_1_136' title='bbox 370 2864 517 2942; x_wconf 86' lang='lat' dir='ltr'>exterior,</span> <span class='ocrx_word' id='word_1_137' title='bbox 537 2864 565 2928; x_wconf 92' lang='lat' dir='ltr'>si</span> <span class='ocrx_word' id='word_1_138' title='bbox 581 2864 732 2949; x_wconf 90' lang='lat' dir='ltr'>postulet,</span> <span class='ocrx_word' id='word_1_139' title='bbox 751 2866 796 2930; x_wconf 92' lang='lat' dir='ltr'>ire</span> <span class='ocrx_word' id='word_1_140' title='bbox 814 2888 949 2930; x_wconf 89' lang='lat' dir='ltr'>recuses.</span> <span class='ocrx_word' id='word_1_141' title='bbox 968 2904 1011 2913; x_wconf 92' lang='lat'><em>—</em></span> 
     </span>
    </p>

    <p class='ocr_par' dir='ltr' id='par_1_11' title="bbox 193 2958 1205 3327">
     <span class='ocr_line' id='line_1_22' title="bbox 193 2958 1177 3045; baseline 0.001 -21"><span class='ocrx_word' id='word_1_142' title='bbox 193 2968 270 3024; x_wconf 86' lang='lat' dir='ltr'>utne</span> <span class='ocrx_word' id='word_1_143' title='bbox 287 2967 393 3045; x_wconf 88' lang='lat' dir='ltr'>tegam</span> <span class='ocrx_word' id='word_1_144' title='bbox 411 2979 524 3043; x_wconf 92' lang='lat' dir='ltr'>spurco</span> <span class='ocrx_word' id='word_1_145' title='bbox 541 2958 666 3038; x_wconf 86' lang='lat' dir='ltr'>Damae</span> <span class='ocrx_word' id='word_1_146' title='bbox 683 2958 785 3024; x_wconf 81' lang='lat' dir='ltr'>latus?</span> <span class='ocrx_word' id='word_1_147' title='bbox 801 2959 887 3025; x_wconf 91' lang='lat' dir='ltr'>haud</span> <span class='ocrx_word' id='word_1_148' title='bbox 904 2960 948 3024; x_wconf 90' lang='lat' dir='ltr'>ita</span> <span class='ocrx_word' id='word_1_149' title='bbox 965 2959 1078 3025; x_wconf 90' lang='lat' dir='ltr'>Troiae</span> <span class='ocrx_word' id='word_1_150' title='bbox 1175 2987 1177 2991; x_wconf 93' lang='lat'>·</span> 
     </span>
     <span class='ocr_line' id='line_1_23' title="bbox 194 3052 1010 3139; baseline 0 -22"><span class='ocrx_word' id='word_1_151' title='bbox 194 3075 246 3117; x_wconf 90' lang='lat' dir='ltr'>me</span> <span class='ocrx_word' id='word_1_152' title='bbox 264 3052 363 3138; x_wconf 86' lang='lat' dir='ltr'>gessi,</span> <span class='ocrx_word' id='word_1_153' title='bbox 383 3061 505 3116; x_wconf 87' lang='lat' dir='ltr'>certans</span> <span class='ocrx_word' id='word_1_154' title='bbox 524 3074 648 3138; x_wconf 89' lang='lat' dir='ltr'>semper</span> <span class='ocrx_word' id='word_1_155' title='bbox 665 3052 856 3118; x_wconf 85' lang='lat' dir='ltr'>melioribus.</span> <span class='ocrx_word' id='word_1_156' title='bbox 875 3076 1010 3139; x_wconf 85' lang='lat' dir='ltr'>—ergo</span> 
     </span>
     <span class='ocr_line' id='line_1_24' title="bbox 193 3141 1205 3233; baseline 0.002 -23"><span class='ocrx_word' id='word_1_157' title='bbox 193 3169 315 3233; x_wconf 89' lang='lat' dir='ltr'>pauper</span> <span class='ocrx_word' id='word_1_158' title='bbox 332 3146 402 3211; x_wconf 84' lang='lat' dir='ltr'>eris.</span> <span class='ocrx_word' id='word_1_159' title='bbox 421 3183 463 3193; x_wconf 91' lang='lat'><em>—</em></span> <span class='ocrx_word' id='word_1_160' title='bbox 482 3146 594 3212; x_wconf 86' lang='lat' dir='ltr'>fortem</span> <span class='ocrx_word' id='word_1_161' title='bbox 612 3147 673 3211; x_wconf 90' lang='lat' dir='ltr'>hoc</span> <span class='ocrx_word' id='word_1_162' title='bbox 690 3147 829 3211; x_wconf 89' lang='lat' dir='ltr'>animum</span> <span class='ocrx_word' id='word_1_163' title='bbox 847 3146 978 3212; x_wconf 88' lang='lat' dir='ltr'>tolerare</span> <span class='ocrx_word' id='word_1_164' title='bbox 995 3147 1125 3225; x_wconf 81' lang='lat' dir='ltr'>iubeb03</span> <span class='ocrx_word' id='word_1_165' title='bbox 1204 3141 1205 3146; x_wconf 30' lang='lat'>¹</span> 
     </span>
     <span class='ocr_line' id='line_1_25' title="bbox 194 3240 938 3327; baseline -0.001 -21"><span class='ocrx_word' id='word_1_166' title='bbox 194 3252 228 3306; x_wconf 92' lang='lat' dir='ltr'>et</span> <span class='ocrx_word' id='word_1_167' title='bbox 245 3241 403 3324; x_wconf 88' lang='lat' dir='ltr'>quondam</span> <span class='ocrx_word' id='word_1_168' title='bbox 421 3240 539 3305; x_wconf 88' lang='lat' dir='ltr'>maiora</span> <span class='ocrx_word' id='word_1_169' title='bbox 557 3241 623 3305; x_wconf 90' lang='lat' dir='ltr'>tuli.</span> <span class='ocrx_word' id='word_1_170' title='bbox 643 3251 678 3305; x_wconf 91' lang='lat' dir='ltr'>tu</span> <span class='ocrx_word' id='word_1_171' title='bbox 694 3242 836 3327; x_wconf 91' lang='lat' dir='ltr'>protinus</span> <span class='ocrx_word' id='word_1_172' title='bbox 854 3242 938 3305; x_wconf 93' lang='lat' dir='ltr'>unde</span> 
     </span>
    </p>

    <p class='ocr_par' dir='ltr' id='par_1_12' title="bbox 195 3334 1027 3421">
     <span class='ocr_line' id='line_1_26' title="bbox 195 3334 1027 3421; baseline 0 -22"><span class='ocrx_word' id='word_1_173' title='bbox 195 3335 321 3399; x_wconf 85' lang='lat' dir='ltr'>divitias</span> <span class='ocrx_word' id='word_1_174' title='bbox 338 3334 482 3417; x_wconf 89' lang='lat' dir='ltr'>aerisque</span> <span class='ocrx_word' id='word_1_175' title='bbox 499 3357 603 3412; x_wconf 88' lang='lat' dir='ltr'>ruam,</span> <span class='ocrx_word' id='word_1_176' title='bbox 623 3335 674 3399; x_wconf 90' lang='lat' dir='ltr'>dic</span> <span class='ocrx_word' id='word_1_177' title='bbox 692 3359 807 3421; x_wconf 87' lang='lat' dir='ltr'>augur,</span> <span class='ocrx_word' id='word_1_178' title='bbox 827 3357 966 3400; x_wconf 88' lang='lat' dir='ltr'>acervos.</span> <span class='ocrx_word' id='word_1_179' title='bbox 985 3374 1027 3382; x_wconf 96' lang='lat'>—</span> 
     </span>
    </p>

    <p class='ocr_par' dir='ltr' id='par_1_13' title="bbox 194 3427 1021 3704">
     <span class='ocr_line' id='line_1_27' title="bbox 194 3427 981 3515; baseline 0 -22"><span class='ocrx_word' id='word_1_180' title='bbox 194 3428 262 3493; x_wconf 85' lang='lat' dir='ltr'>dixi</span> <span class='ocrx_word' id='word_1_181' title='bbox 279 3427 424 3511; x_wconf 92' lang='lat' dir='ltr'>equidem</span> <span class='ocrx_word' id='word_1_182' title='bbox 442 3438 474 3493; x_wconf 90' lang='lat' dir='ltr'>et</span> <span class='ocrx_word' id='word_1_183' title='bbox 490 3429 576 3493; x_wconf 84' lang='lat' dir='ltr'>dico:</span> <span class='ocrx_word' id='word_1_184' title='bbox 594 3440 701 3515; x_wconf 90' lang='lat' dir='ltr'>captes</span> <span class='ocrx_word' id='word_1_185' title='bbox 724 3439 846 3495; x_wconf 89' lang='lat' dir='ltr'>astutus</span> <span class='ocrx_word' id='word_1_186' title='bbox 865 3429 981 3512; x_wconf 90' lang='lat' dir='ltr'>ubique</span> 
     </span>
     <span class='ocr_line' id='line_1_28' title="bbox 195 3523 1021 3601; baseline 0 -13"><span class='ocrx_word' id='word_1_187' title='bbox 195 3533 382 3588; x_wconf 88' lang='lat' dir='ltr'>testamenta</span> <span class='ocrx_word' id='word_1_188' title='bbox 400 3546 526 3601; x_wconf 90' lang='lat' dir='ltr'>senum,</span> <span class='ocrx_word' id='word_1_189' title='bbox 545 3547 622 3601; x_wconf 88' lang='lat' dir='ltr'>neu,</span> <span class='ocrx_word' id='word_1_190' title='bbox 641 3524 669 3589; x_wconf 93' lang='lat' dir='ltr'>si</span> <span class='ocrx_word' id='word_1_191' title='bbox 686 3523 776 3589; x_wconf 88' lang='lat' dir='ltr'>vafer</span> <span class='ocrx_word' id='word_1_192' title='bbox 794 3546 875 3588; x_wconf 93' lang='lat' dir='ltr'>unus</span> <span class='ocrx_word' id='word_1_193' title='bbox 894 3534 925 3588; x_wconf 88' lang='lat' dir='ltr'>et</span> <span class='ocrx_word' id='word_1_194' title='bbox 943 3524 1021 3589; x_wconf 88' lang='lat' dir='ltr'>alter</span> 
     </span>
     <span class='ocr_line' id='line_1_29' title="bbox 194 3616 830 3704; baseline 0.002 -23"><span class='ocrx_word' id='word_1_195' title='bbox 194 3616 409 3682; x_wconf 88' lang='lat' dir='ltr'>insidiatorem</span> <span class='ocrx_word' id='word_1_196' title='bbox 426 3640 574 3702; x_wconf 90' lang='lat' dir='ltr'>praeroso</span> <span class='ocrx_word' id='word_1_197' title='bbox 591 3618 708 3704; x_wconf 85' lang='lat' dir='ltr'>fugerit</span> <span class='ocrx_word' id='word_1_198' title='bbox 725 3619 830 3696; x_wconf 89' lang='lat' dir='ltr'>hamo,</span> 
     </span>
    </p>

    <p class='ocr_par' dir='ltr' id='par_1_14' title="bbox 195 3711 988 3795">
     <span class='ocr_line' id='line_1_30' title="bbox 195 3711 988 3795; baseline 0.001 -20"><span class='ocrx_word' id='word_1_199' title='bbox 195 3720 250 3775; x_wconf 91' lang='lat' dir='ltr'>aut</span> <span class='ocrx_word' id='word_1_200' title='bbox 268 3732 358 3795; x_wconf 85' lang='lat' dir='ltr'>spem</span> <span class='ocrx_word' id='word_1_201' title='bbox 375 3711 515 3795; x_wconf 88' lang='lat' dir='ltr'>deponas</span> <span class='ocrx_word' id='word_1_202' title='bbox 533 3721 588 3776; x_wconf 91' lang='lat' dir='ltr'>aut</span> <span class='ocrx_word' id='word_1_203' title='bbox 605 3724 704 3777; x_wconf 88' lang='lat' dir='ltr'>artem</span> <span class='ocrx_word' id='word_1_204' title='bbox 722 3712 833 3777; x_wconf 90' lang='lat' dir='ltr'>illusus</span> <span class='ocrx_word' id='word_1_205' title='bbox 853 3713 988 3777; x_wconf 90' lang='lat' dir='ltr'>omittas.</span> 
     </span>
    </p>

    <p class='ocr_par' dir='ltr' id='par_1_15' title="bbox 194 3803 959 3894">
     <span class='ocr_line' id='line_1_31' title="bbox 194 3803 959 3894; baseline 0.003 -26"><span class='ocrx_word' id='word_1_206' title='bbox 194 3827 312 3890; x_wconf 85' lang='lat' dir='ltr'>magna</span> <span class='ocrx_word' id='word_1_207' title='bbox 328 3803 469 3869; x_wconf 87' lang='lat' dir='ltr'>minorve</span> <span class='ocrx_word' id='word_1_208' title='bbox 487 3805 556 3870; x_wconf 84' lang='lat' dir='ltr'>foro</span> <span class='ocrx_word' id='word_1_209' title='bbox 575 3806 602 3871; x_wconf 93' lang='lat' dir='ltr'>si</span> <span class='ocrx_word' id='word_1_210' title='bbox 619 3828 670 3872; x_wconf 90' lang='lat' dir='ltr'>res</span> <span class='ocrx_word' id='word_1_211' title='bbox 689 3805 858 3894; x_wconf 89' lang='lat' dir='ltr'>certabitur</span> <span class='ocrx_word' id='word_1_212' title='bbox 875 3807 959 3884; x_wconf 92' lang='lat' dir='ltr'>olim,</span> 
     </span>
    </p>

    <p class='ocr_par' dir='ltr' id='par_1_16' title="bbox 194 3897 1045 3987">
     <span class='ocr_line' id='line_1_32' title="bbox 194 3897 1045 3987; baseline 0.006 -27"><span class='ocrx_word' id='word_1_213' title='bbox 194 3898 282 3961; x_wconf 86' lang='lat' dir='ltr'>vivet</span> <span class='ocrx_word' id='word_1_214' title='bbox 299 3907 369 3962; x_wconf 90' lang='lat' dir='ltr'>uter</span> <span class='ocrx_word' id='word_1_215' title='bbox 383 3897 525 3985; x_wconf 92' lang='lat' dir='ltr'>locuples</span> <span class='ocrx_word' id='word_1_216' title='bbox 544 3900 611 3965; x_wconf 89' lang='lat' dir='ltr'>sine</span> <span class='ocrx_word' id='word_1_217' title='bbox 628 3902 749 3987; x_wconf 82' lang='lat' dir='ltr'>gnatis,</span> <span class='ocrx_word' id='word_1_218' title='bbox 768 3901 945 3986; x_wconf 91' lang='lat' dir='ltr'>improbus,</span> <span class='ocrx_word' id='word_1_219' title='bbox 964 3900 1045 3965; x_wconf 87' lang='lat' dir='ltr'>ultro</span> 
     </span>
    </p>

    <p class='ocr_par' dir='ltr' id='par_1_17' title="bbox 194 3992 980 4174">
     <span class='ocr_line' id='line_1_33' title="bbox 194 3992 980 4075; baseline 0.003 -20"><span class='ocrx_word' id='word_1_220' title='bbox 194 3992 250 4075; x_wconf 94' lang='lat' dir='ltr'>qui</span> <span class='ocrx_word' id='word_1_221' title='bbox 268 3992 428 4057; x_wconf 90' lang='lat' dir='ltr'>meliorem</span> <span class='ocrx_word' id='word_1_222' title='bbox 446 3994 551 4059; x_wconf 86' lang='lat' dir='ltr'>audax</span> <span class='ocrx_word' id='word_1_223' title='bbox 568 4004 660 4059; x_wconf 86' lang='lat' dir='ltr'>vocet</span> <span class='ocrx_word' id='word_1_224' title='bbox 676 3995 710 4059; x_wconf 92' lang='lat' dir='ltr'>in</span> <span class='ocrx_word' id='word_1_225' title='bbox 726 3995 790 4072; x_wconf 89' lang='lat' dir='ltr'>ins,</span> <span class='ocrx_word' id='word_1_226' title='bbox 810 3995 894 4059; x_wconf 91' lang='lat' dir='ltr'>illius</span> <span class='ocrx_word' id='word_1_227' title='bbox 913 4004 980 4059; x_wconf 88' lang='lat' dir='ltr'>esto</span> 
     </span>
     <span class='ocr_line' id='line_1_34' title="bbox 194 4084 925 4174; baseline 0.005 -26"><span class='ocrx_word' id='word_1_228' title='bbox 194 4084 357 4164; x_wconf 88' lang='lat' dir='ltr'>defensor;</span> <span class='ocrx_word' id='word_1_229' title='bbox 375 4086 462 4152; x_wconf 86' lang='lat' dir='ltr'>fama</span> <span class='ocrx_word' id='word_1_230' title='bbox 479 4088 580 4153; x_wconf 86' lang='lat' dir='ltr'>civem</span> <span class='ocrx_word' id='word_1_231' title='bbox 597 4110 772 4172; x_wconf 80' lang='lat' dir='ltr'>causasque</span> <span class='ocrx_word' id='word_1_232' title='bbox 789 4089 925 4174; x_wconf 90' lang='lat' dir='ltr'>priorem</span> 
     </span>
    </p>

    <p class='ocr_par' dir='ltr' id='par_1_18' title="bbox 195 4180 1185 4448">
     <span class='ocr_line' id='line_1_35' title="bbox 196 4180 1018 4268; baseline 0.004 -26"><span class='ocrx_word' id='word_1_233' title='bbox 196 4201 323 4263; x_wconf 87' lang='lat' dir='ltr'>sperne,</span> <span class='ocrx_word' id='word_1_234' title='bbox 342 4180 428 4245; x_wconf 93' lang='lat' dir='ltr'>domi</span> <span class='ocrx_word' id='word_1_235' title='bbox 445 4182 473 4246; x_wconf 90' lang='lat' dir='ltr'>si</span> <span class='ocrx_word' id='word_1_236' title='bbox 490 4192 605 4268; x_wconf 85' lang='lat' dir='ltr'>gnatus</span> <span class='ocrx_word' id='word_1_237' title='bbox 624 4183 683 4247; x_wconf 89' lang='lat' dir='ltr'>erit</span> <span class='ocrx_word' id='word_1_238' title='bbox 700 4184 876 4247; x_wconf 87' lang='lat' dir='ltr'>fecundave</span> <span class='ocrx_word' id='word_1_239' title='bbox 895 4183 1018 4247; x_wconf 88' lang='lat' dir='ltr'>coniux.</span> 
     </span>
     <span class='ocr_line' id='line_1_36' title="bbox 196 4272 1185 4364; baseline 0.003 -28"><span class='ocrx_word' id='word_1_240' title='bbox 196 4272 329 4355; x_wconf 60' lang='lat' dir='ltr'>Quinte,</span> <span class='ocrx_word' id='word_1_241' title='bbox 347 4284 438 4360; x_wconf 89' lang='lat' dir='ltr'>puta,</span> <span class='ocrx_word' id='word_1_242' title='bbox 457 4287 512 4339; x_wconf 89' lang='lat' dir='ltr'>aut</span> <span class='ocrx_word' id='word_1_243' title='bbox 528 4275 624 4341; x_wconf 93' lang='lat' dir='ltr'>Publi</span> <span class='ocrx_word' id='word_1_244' title='bbox 642 4316 683 4324; x_wconf 94' lang='lat'><em>-</em></span> <span class='ocrx_word' id='word_1_245' title='bbox 701 4278 840 4364; x_wconf 85' lang='lat' dir='ltr'>gaudent</span> <span class='ocrx_word' id='word_1_246' title='bbox 856 4276 1058 4362; x_wconf 88' lang='lat' dir='ltr'>praenomine</span> <span class='ocrx_word' id='word_1_247' title='bbox 1075 4275 1185 4358; x_wconf 88' lang='lat' dir='ltr'>molles</span> 
     </span>
     <span class='ocr_line' id='line_1_37' title="bbox 195 4366 1021 4448; baseline 0.004 -18"><span class='ocrx_word' id='word_1_248' title='bbox 195 4366 354 4432; x_wconf 86' lang='lat' dir='ltr'>auriculae</span> <span class='ocrx_word' id='word_1_249' title='bbox 372 4407 428 4445; x_wconf 88' lang='lat'>--,</span> <span class='ocrx_word' id='word_1_250' title='bbox 448 4368 505 4434; x_wconf 91' lang='lat' dir='ltr'>tibi</span> <span class='ocrx_word' id='word_1_251' title='bbox 523 4393 573 4434; x_wconf 94' lang='lat' dir='ltr'>me</span> <span class='ocrx_word' id='word_1_252' title='bbox 590 4372 689 4436; x_wconf 82' lang='lat' dir='ltr'>virtus</span> <span class='ocrx_word' id='word_1_253' title='bbox 708 4382 762 4435; x_wconf 90' lang='lat' dir='ltr'>tua</span> <span class='ocrx_word' id='word_1_254' title='bbox 778 4371 854 4436; x_wconf 84' lang='lat' dir='ltr'>fecit</span> <span class='ocrx_word' id='word_1_255' title='bbox 871 4371 1021 4448; x_wconf 86' lang='lat' dir='ltr'>amicun13</span> 
     </span>
    </p>

    <p class='ocr_par' dir='ltr' id='par_1_19' title="bbox 194 4462 983 4553">
     <span class='ocr_line' id='line_1_38' title="bbox 194 4462 983 4553; baseline 0.004 -28"><span class='ocrx_word' id='word_1_256' title='bbox 194 4462 245 4526; x_wconf 90' lang='lat' dir='ltr'>ius</span> <span class='ocrx_word' id='word_1_257' title='bbox 264 4483 381 4547; x_wconf 88' lang='lat' dir='ltr'>anceps</span> <span class='ocrx_word' id='word_1_258' title='bbox 398 4464 486 4542; x_wconf 91' lang='lat' dir='ltr'>novi,</span> <span class='ocrx_word' id='word_1_259' title='bbox 505 4486 635 4531; x_wconf 88' lang='lat' dir='ltr'>caussas</span> <span class='ocrx_word' id='word_1_260' title='bbox 653 4466 822 4532; x_wconf 87' lang='lat' dir='ltr'>defendere</span> <span class='ocrx_word' id='word_1_261' title='bbox 840 4487 968 4553; x_wconf 91' lang='lat' dir='ltr'>possum</span> <span class='ocrx_word' id='word_1_262' title='bbox 974 4490 983 4543; x_wconf 91' lang='lat'>;</span> 
     </span>
    </p>
   </div>
   <div class='ocr_carea' id='block_1_5' title="bbox 0 0 1618 5442">
    <p class='ocr_par' dir='ltr' id='par_1_20' title="bbox 0 0 1618 5442">
     <span class='ocr_line' id='line_1_39' title="bbox 0 0 1618 5442; baseline 0 0"><span class='ocrx_word' id='word_1_263' title='bbox 0 0 1618 5442; x_wconf 95' lang='lat' dir='ltr'> </span> 
     </span>
    </p>
   </div>
  </div>
 </body>
</html>
