3225 5442
606 718 635 769 o.
653 718 773 759 uoueru
791 718 896 758 sunem
1229 715 1294 759 xix

198 833 285 894 mant,
297 826 441 881 sedetiam
452 843 486 879 ex
496 825 684 895 ipsoHoratio
695 826 1088 948 00pv111⁸ngA⁶lethP1⁸0
1094 828 1170 896 apud
1177 827 1297 882 Gellium

196 896 360 965 gnoseitur,
378 895 427 964 qui
442 893 500 948 Sat.
509 895 547 948 fl.
557 896 582 964 6,
595 897 637 949 36.
645 913 686 975 sq.
699 897 741 948 rei
759 895 796 967 (V
797 895 820 947 1.
848 896 875 964 .),
890 895 1077 963 videnturque
1091 895 1215 948 universi
1229 913 1297 966 quo-

196 963 333 1017 meminit
356 963 441 1026 Quod
454 968 603 1033 utrumque
616 971 740 1017 testimo·
758 963 852 1015 tunnis
863 970 939 1015 certo
952 963 1075 1032 quodam
1085 962 1129 1015 die
1140 980 1174 1015 ex
1187 965 1296 1018 aerario

196 1031 276 1084 nium
289 1030 419 1099 proiecto
438 1038 548 1083 tanturn
566 1031 654 1085 habet
671 1048 739 1110 pon·
757 1030 1298 1100 mercedemaoeepisseeodemquetem—

197 1100 284 1165 doris,
295 1104 326 1151 ut
334 1116 424 1178 prope
434 1099 528 1152 mirari
535 1100 738 1163 subeatfursse,
757 1115 827 1168 pore
842 1099 932 1151 sortiti
947 1115 1009 1151 esse
1024 1104 1164 1151 muneral
1190 1098 1297 1154 Nihilo-

197 1167 248 1236 qui
261 1167 345 1219 meris
359 1184 403 1219 usi
417 1167 535 1237 argutiis
554 1184 612 1221 rem
626 1153 849 1220 dubiamlminus
862 1183 929 1220 vero
944 1167 1094 1219 honestum
1105 1166 1191 1219 fuisse
1203 1182 1298 1219 eorum

197 1242 229 1288 et
242 1242 453 1287 controversam
470 1236 589 1288 reddere
604 1251 738 1288 conaren·
758 1236 885 1288 ordinem
895 1233 1298 1301 luculentetestaturCieero‚2

196 1309 252 1356 tur.
279 1303 339 1355 Neo
353 1319 419 1356 vero
430 1319 481 1371 per
491 1320 520 1356 se
531 1303 590 1355 ullo
605 1305 688 1355 modo
699 1302 738 1354 in·
758 1303 845 1372 quiin
854 1302 981 1357 Verrinis
992 1301 1167 1355 orationibus
1180 1302 1298 1355 alieubi:

197 1370 335 1424 credibile
347 1376 404 1438 est,
418 1370 560 1423 hominem
571 1371 607 1423 ab
618 1371 738 1424 honesto
759 1374 830 1424 Ordo
840 1374 1011 1434 carboneriae,
1021 1370 1120 1438 inquii,
1149 1373 1299 1422 acdeorum

196 1444 280 1507 patre
301 1454 387 1557 parce
412 1455 565 1507 severeque
589 1440 739 1491 educatum
756 1442 885 1491 lominum
898 1441 962 1509 fidei
974 1440 1078 1490 tabulae
1090 1389 1214 1507 pelliceo
1226 1441 1298 1507 pera·

197 1522 291 1575 nequo
327 1522 445 1558 onorum
459 1507 638 1575 splendorem
652 1506 738 1558 ambi·
758 1511 868 1577 culuque
882 1509 1080 1575 aiupisiroiuom
1097 1508 1296 1558 committamur.

196 1574 272 1626 tiose
286 1573 465 1627 affectantem
485 1591 502 1627 a
522 1591 551 1627 sc
565 1574 595 1627 id
609 1575 738 1643 impetra·
758 1576 818 1631 Nec
840 1591 907 1628 vero
930 1574 972 1626 illi
995 1574 1068 1627 servi
1095 1582 1187 1640 erant,
1216 1574 1296 1626 sicuti

196 1642 288 1708 visse,
307 1651 338 1693 ut
348 1642 401 1694 sibi
412 1642 521 1695 scribae
534 1659 633 1695 munus
643 1648 739 1710 poten·
759 1643 870 1696 scribae
888 1643 1003 1710 privati,
1024 1643 1074 1694 sed
1093 1642 1187 1710 potius
1206 1642 1297 1709 liberi,

197 1710 266 1762 dum
288 1714 433 1763 statueret.
468 1710 604 1764 Nimirum
621 1711 740 1779 primum
758 1710 1297 1780 quamquamplerumquesolebant-csso

197 1776 313 1845 quidem
323 1776 402 1845 vidit,
412 1795 464 1846 per
473 1785 630 1846 temporum
639 1778 739 1847 iniqui·
757 1779 864 1847 plebeii
875 1778 980 1831 ordinis
991 1785 1075 1846 atque
1087 1778 1236 1830 liberrima
1256 1777 1298 1829 Ex

197 1851 287 1897 tatem
297 1844 371 1897 hanc
380 1863 465 1898 unam
475 1846 529 1898 sibi
535 1846 606 1898 viam
612 1846 739 1898 relictam
758 1847 801 1899 his
812 1846 941 1899 omnibus
952 1847 1038 1915 igitur
1047 1846 1225 1913 perspicuum
1235 1845 1297 1897 foro

197 1929 273 1978 esse,
293 1929 349 1981 qua
367 1919 397 1966 et
414 1914 499 1966 vitam
518 1930 615 1967 secure
635 1915 738 1983 degere
758 1915 934 1981 arbitramur,
942 1932 991 1966 cur
998 1913 1129 1965 Horatius
1139 1915 1194 1965 tale
1204 1930 1297 1965 munus

196 1986 298 2049 posset
312 1986 340 2033 et
353 1998 419 2034 vero
435 1982 519 2034 etiam
533 1981 614 2050 poesi
625 1998 739 2050 operam
758 1983 864 2035 ambire
875 1999 932 2034 non
943 1981 1122 2047 dubitaverit,
1133 1981 1298 2049 praesertim

197 2050 267 2101 dare
294 2065 384 2116 eaque
411 2066 441 2101 re
469 2050 622 2120 aliquando
654 2050 739 2101 inela-
759 2068 844 2119 quum
860 2050 987 2117 inprimis
1001 2049 1161 2101 hominibus
1178 2048 1297 2117 plebeiis

196 2131 310 2169 resoere
322 2118 425 2170 liceret.
439 2116 551 2171 Deinde
562 2117 645 2170 etiam
656 2117 739 2170 veris·
758 2126 787 2171 et
795 2117 935 2170 libertinis
947 2117 1040 2169 aditus
1052 2118 1088 2168 ad
1099 2117 1168 2168 illud
1179 2123 1296 2184 pateret.

197 2186 268 2237 sime
278 2183 425 2252 iudicavit,
443 2185 497 2237 sibi
507 2191 605 2254 utpote
615 2184 739 2238 libertini
758 2187 869 2255 Quippe
883 2185 931 2238 ille
941 2193 973 2237 ut
981 2201 1115 2253 perquam
1126 2185 1252 2237 modeste
1263 2185 1297 2236 de

196 2251 484 2332 filiohaudquaquam
492 2253 624 2306 dedecori
633 2253 705 2321 fore,
716 2252 740 2304 si
759 2272 788 2307 se
796 2254 921 2321 sentiret,
928 2251 1298 2323 patrisquondameileeerai

195 2321 739 2374 talemunusobrret.Etenimerantscn'-
757 2323 933 2391 prudentias
963 2322 1115 2374 Praeterea
1129 2337 1194 2373 vero
1214 2320 1298 2373 eiiam

197 2390 247 2440 bue
256 2388 418 2457 neutiquam
429 2388 680 2443 homineshumiles
692 2399 740 2443 aut
759 2391 892 2460 sperabat
906 2391 1030 2443 futurum
1046 2405 1122 2453 esse,
1138 2394 1169 2440 ut
1183 2388 1237 2440 sibi
1247 2389 1296 2441 tali

197 2456 347 2522 contemti3
366 2460 420 2509 imo
431 2457 610 2510 habebantur
622 2458 665 2509 illi
675 2459 738 2510 loco
757 2476 871 2511 munero
890 2457 1020 2526 fungenti
1042 2455 1170 2508 nonnihil
1193 2457 1242 2509 otii
1261 2458 1297 2509 ad

195 2524 408 2578 honestissimo.
422 2525 558 2578 Nimirum
568 2542 624 2578 non
635 2526 689 2578 iarn
699 2525 738 2577 in·
759 2527 880 2580 colenda
902 2526 1060 2579 liberalium
1087 2524 1297 2592 disciplinarum

195 2592 348 2660 telligendi
362 2599 427 2644 sunt
437 2592 547 2645 scribae
562 2594 676 2661 privati,
691 2593 737 2661 qui
758 2594 852 2647 studia
874 2600 1055 2673 suppeteret3
1089 2591 1118 2643 in
1142 2608 1197 2660 quo
1222 2602 1297 2645 certo

196 2660 368 2713 dicebantur
389 2660 473 2713 etiarn
494 2663 633 2730 scriptores
655 2661 700 2712 vel
723 2680 739 2712 α
757 2663 848 2730 ipsum
859 2663 954 2729 opimo
964 2661 1075 2713 minime
1087 2659 1214 2712 fefellit.⁵
1237 2661 1298 2715 Nee

194 2746 278 2781 mana
292 2730 361 2780 servi
373 2733 402 2782 et
414 2733 611 2796 amanuenses,1
626 2730 676 2782 sed
689 2745 738 2797 po·
759 2738 852 2783 tamen
877 2730 987 2782 scribae
1011 2728 1126 2797 negotio
1150 2734 1178 2780 et
1200 2728 1297 2781 officio

195 2796 255 2850 tius
266 2796 375 2850 scribae
385 2796 556 2865 publici‚qui
566 2813 681 2865 operam
691 2798 737 2849 da·
758 2800 806 2850 diu
816 2798 1056 2865 functusvidetur‚
1068 2798 1298 2866 quandoquidem

195 2866 270 2919 bant
284 2869 314 2917 et
327 2865 504 2933 apparebant
516 2865 737 2933 magistratibus,
757 2866 820 2919 iam‘
828 2866 910 2919 Satir.
920 2866 957 2918 ΙΙ.
968 2867 991 2918 6.
1006 2865 1044 2917 in.
1059 2874 1143 2933 atque
1154 2865 1217 2917 aliis
1227 2865 1297 2918 locis

195 2932 544 3001 itautactapublica,i.e.
556 2939 738 2986 senatuscon-
758 2935 843 2987 vitam
863 2951 942 2987 suam
963 2932 1110 3002 praedicat
1131 2940 1163 2985 ut
1181 2934 1298 2986 liberam

196 3000 284 3066 sulta,
295 3001 397 3068 edicta,
407 3002 496 3068 leges,
510 3000 645 3068 rationes,
659 3001 689 3052 in
699 3006 738 3053 ta-
758 3003 795 3055 ab
811 3003 886 3055 omni
900 3008 977 3055 certa
995 3007 1024 3054 et
1037 3000 1198 3053 necessaria
1216 3017 1297 3052 oceu-

195 3067 738 3136 bulasreferrent3cuiusmodihomines
757 3070 882 3139 patione.
927 3070 1061 3122 Nimirum
1093 3067 1237 3119 abdicavit
1267 3083 1297 3119 se

195 3153 215 3189 a
228 3135 334 3188 nostris
349 3136 408 3189 fere
421 3139 576 3200 Archivore,
591 3140 740 3190 Secretoere
758 3154 873 3190 munere
890 3137 951 3204 iilo,
971 3138 994 3187 si
1012 3135 1079 3204 quid
1093 3134 1219 3186 iudicare
1233 3151 1297 3202 pos·

195 3203 296 3256 vocari
306 3204 406 3257 solent.
431 3205 552 3258 Redacti
566 3205 607 3256 illi
622 3205 739 3257 erantin
759 3222 868 3273 sumus,
895 3211 1080 3273 posteaquam
1098 3219 1115 3253 a
1133 3202 1298 3255 Maecenate

197 3277 292 3325 certas
303 3273 418 3339 classes,
430 3289 501 3341 quae
512 3274 596 3327 etiam
608 3272 739 3325 diceban·
758 3274 854 3326 villam
881 3271 1014 3325 Sabinam
1038 3271 1113 3323 dono
1139 3276 1297 3339 acceperat,

195 3346 245 3393 tur
254 3342 400 3393 decanam
413 3341 597 3409 Legebantur
607 3347 701 3394 autem
711 3340 739 3391 in
759 3342 838 3394 euius
855 3340 938 3393 unius
961 3338 1141 3408 possessione
1165 3355 1193 3391 se
1214 3356 1298 3407 quum

196 3425 248 3463 eas
258 3408 599 3477 amagistratibussoluta
608 3407 739 3477 pecunia,
759 3409 821 3463 aliis
831 3409 902 3462 locis
913 3414 971 3460 turn
981 3406 1039 3461 Sat.
1049 3407 1086 3459 II.
1096 3408 1120 3459 6.
1134 3406 1217 3460 unice
1232 3407 1296 3460 bea-

195 3476 275 3529 unde
294 3478 425 3529 decuriam
442 3494 525 3529 emere
538 3480 614 3547 apud
629 3474 739 3530 Cicero·
758 3485 816 3530 turn
835 3477 990 3546 praedicat.
1025 3476 1126 3544 Itaque
1142 3475 1297 3545 disquiren-

196 3548 276 3598 nem³
287 3550 330 3597 est
339 3563 421 3597 emere
430 3562 523 3597 munus
531 3547 740 3614 scobomatque
759 3548 824 3599 dum
843 3546 889 3598 hie
910 3545 978 3613 erit,
1007 3560 1063 3614 quo
1082 3549 1208 3611 tempore
1231 3543 1298 3596 villa

198 3612 741 3682 distributierantintermagistratus,ita
760 3613 865 3668 Sabina
889 3631 905 3667 a
923 3614 1089 3666 Maecenate
1113 3612 1234 3664 donatus
1254 3612 1298 3663 sit.

196 3680 536 3747 utaliiessentsenatorii‚
544 3682 590 3735 alii
596 3681 739 3749 praetorii,
759 3682 802 3735 De
814 3699 870 3751 qua
879 3700 909 3735 re
920 3679 1136 3750 nosquidemita
1142 3679 1297 3745 statuimus,

198 3747 249 3802 alii
260 3749 389 3816 censorii,
401 3750 449 3802 alii
459 3749 586 3817 aedilitii,
598 3749 646 3801 alii
657 3766 740 3818 quae·
759 3758 790 3803 ut
816 3750 1044 3803 verisimillimum
1068 3764 1131 3800 esse
1159 3747 1297 3800 existime-

199 3815 301 3869 storii.4
313 3816 740 3871 Mercenariatamenfuiteorum
759 3836 829 3885 mus,
840 3835 901 3871 eam
911 3818 984 3870 intra
995 3834 1018 3870 a
1029 3816 1217 3868 urinaria
1239 3814 1298 3867 Ho-

201 3899 297 3951 opera‚
308 3884 337 3936 id
348 3886 425 3954 quod
434 3887 479 3939 vel
489 3903 522 3940 ex
532 3886 666 3938 formula:
677 3887 740 3937 scn‘·
759 3886 830 3939 ratio
846 3885 991 3955 obtigisse.
1022 3885 1093 3937 Nam
1107 3882 1225 3951 primum
1239 3882 1298 3951 qui-

202 3961 272 4019 nium
280 3950 377 4018 facere,
392 3960 518 4022 apparet,
534 3970 590 4023 qua
598 3954 686 4005 utitur
694 3953 740 4005 Li·
760 3955 823 4007 dem
840 3959 926 4022 poeta
939 3952 1061 4005 muneris
1074 3952 1150 4003 illius
1164 3950 1297 4018 inpriore

203 4033 372 4096 Tissa—eron.
383 4057 446 4097 ores.
457 4070 476 4097 c.
486 4061 519 4098 74,
537 4059 587 4097 uer.
598 4059 655 4097 css.
760 4021 914 4076 Satirarum
924 4022 996 4074 libro
1008 4036 1042 4072 ne
1052 4017 1297 4087 unoquidemlooo

225 4110 238 4145 2
252 4107 312 4146 Suet.
323 4107 398 4147 Claud.
409 4111 429 4147 1.

224 4159 238 4197 3
251 4158 337 4198 Verrin.
348 4159 417 4201 Orati.
423 4161 462 4200 111.
472 4163 504 4201 79.
515 4161 632 4200 coiisset.
640 4159 740 4200 Claudi.
785 4162 796 4198 1
811 4171 832 4197 v.
843 4158 913 4197 Cicer.
924 4158 987 4197 Catil.
997 4158 1034 4195 lV.
1045 4158 1064 4195 i.
1074 4157 1158 4195 vernn.
1168 4156 1195 4192 ll.
1206 4155 1225 4201 3,
1236 4156 1268 4192 is.

208 4208 273 4257 bique
282 4210 352 4258 intpp.
785 4214 797 4249 2
812 4210 872 4249 Orat.
882 4210 943 4248 Vorr.
953 4210 980 4248 ll.
991 4210 1010 4254 3,
1022 4208 1053 4245 79.
1064 4210 1086 4244 et
1095 4217 1132 4254 pro
1143 4205 1228 4243 cluent.
1239 4207 1296 4243 clo.

224 4262 238 4298 4
251 4271 274 4298 v.
286 4260 341 4300 Geli.
350 4262 377 4300 N.
387 4262 415 4301 A.
425 4263 462 4301 vl.
473 4265 492 4302 9.
503 4263 601 4302 etCiccr.
611 4262 741 4312 procluent
786 4264 797 4299 3
811 4257 1298 4304 v.cic.udFamN.roubidercribisprivatis

209 4313 263 4350 clo.
278 4322 307 4349 ex
320 4322 361 4361 quo
375 4314 422 4352 loeo
432 4315 496 4352 etiarn
506 4315 643 4362 intelligitur,
662 4314 742 4354 scribas
761 4312 910 4360 cogitandum,
925 4315 947 4349 et
956 4311 978 4348 ll.
990 4320 1021 4347 eo.

210 4373 246 4401 um
260 4363 329 4403 lectos
342 4375 390 4403 esse
403 4364 430 4403 ab
443 4366 547 4404 aedilibus
562 4371 584 4404 et
602 4366 741 4413 praetoribus,
785 4365 798 4402 4
811 4374 833 4401 v.
845 4362 888 4401 Sua
898 4363 915 4401 1.
926 4364 944 4407 6,
955 4363 979 4400 811
985 4371 1030 4407 sqq.

214 4424 266 4452 unm
275 4418 340 4453 antea
349 4426 386 4454 eos
395 4426 408 4454 a
417 4418 565 4465 quaestoribus
580 4418 665 4455 urbanis
674 4417 742 4454 lectos
786 4416 798 4453 ii
811 4415 845 4452 De
855 4414 929 4452 scribis
939 4413 1030 4462 publicis
1035 4412 1175 4449 Romanorum
1185 4422 1206 4450 v.
1212 4411 1297 4450 Ernesti

212 4466 268 4504 uisse
277 4476 306 4503 ex
315 4467 364 4505 Liv.
371 4468 416 4506 XL.
426 4469 458 4506 13.
469 4472 490 4506 et
500 4467 612 4507 (lieven.
622 4469 660 4505 lll.
667 4469 700 4506 18.
711 4469 743 4505 in·
761 4464 822 4504 cuv.
834 4464 880 4503 cic.
895 4476 912 4503 s.
923 4476 944 4503 v.
959 4467 981 4503 et
994 4473 1047 4511 quos
1061 4463 1097 4501 ille
1112 4462 1216 4509 laudavit,
1235 4468 1298 4511 atque

213 4518 271 4567 elligi
280 4518 353 4556 licent.
761 4517 848 4555 Weber:
859 4513 1061 4557 iiorazuisiiensci
1068 4512 1185 4596 subplici·
1194 4526 1215 4562 p.
1222 4516 1245 4552 55
1252 4525 1296 4562 sqq.

1088 4589 1105 4626 B
