3225 5442
573 693 782 797 chanNUM
798 740 872 793 LIB.
887 741 909 794 1.

331 900 385 964 leti
404 897 552 982 corripuit
568 897 710 983 gradum.

376 1002 522 1078 expertus
540 1014 675 1055 vacuum
693 991 857 1056 Daedalus
876 1015 948 1056 acra

331 1088 443 1173 pennis
461 1109 525 1151 non
542 1086 660 1149 homini
679 1085 774 1163 datis3

374 1181 514 1267 perrupit
530 1179 713 1245 Acheronta
729 1179 907 1244 Herculeus
926 1180 1022 1245 labor.

331 1318 375 1381 nil
393 1316 575 1382 mortalibus
592 1316 682 1380 ardui
700 1325 762 1393 cst3

374 1412 495 1477 caelum
513 1412 617 1496 ipsum
635 1411 771 1496 petimus
790 1411 934 1489 stultitia,
953 1434 1055 1495 neque

331 1529 388 1592 per
404 1515 545 1570 nestrum
563 1506 699 1591 patimur
717 1505 820 1569 seclus

373 1601 522 1665 iracunda
539 1599 648 1664 Iovem
666 1622 782 1684 ponere
800 1599 940 1663 fulmina..

601 1859 799 1920 CARMEN
821 1860 881 1919 1v.
1000 1869 1017 1907 ⁴

558 2004 616 2052 nu
644 2005 682 2052 n.
713 2003 921 2054 snxrruu.

256 2130 365 2196 elvitur
382 2129 462 2193 acris
480 2128 580 2193 hiems
599 2137 689 2213 grata
706 2128 775 2192 vicc
793 2128 875 2192 veris
894 2137 926 2192 et
942 2127 1074 2206 Favoni,

265 2224 453 2306 trahuntque
471 2224 569 2287 siccas
589 2222 750 2287 machinae
769 2221 901 2298 carinas,

256 2340 379 2401 zneque
396 2318 459 2381 iam
478 2317 609 2382 stabulis
627 2317 745 2403 gaudet
761 2339 859 2401 pecus
877 2326 931 2380 aut
949 2326 1051 2382 arator
1068 2317 1142 2404 igni,

264 2435 324 2477 nec
340 2420 431 2497 prata
448 2412 533 2475 canis
552 2412 688 2476 albicant
705 2411 835 2496 pruinis,

257 2572 285 2612 m
304 2547 461 2633 Cytherea
479 2549 590 2612 choros
608 2547 694 2610 ducit
712 2546 822 2611 Venus
840 2547 1021 2612 imminente
1038 2548 1142 2625 Luna,
1270 2575 1286 2619 5

263 2643 450 2726 iunctaeque
466 2641 622 2728 Nymphis
642 2639 769 2706 Gratiae
787 2642 934 2706 decentes

258 2750 340 2801 :erno
358 2748 473 2802 terram
490 2738 634 2820 quatiunt
651 2735 731 2821 pede
737 2785 746 2814 ,
765 2738 841 2800 dum
859 2760 972 2822 graves
992 2736 1168 2823 Cyclopum

263 2831 426 2897 Vulcanus
445 2832 558 2896 ardens
575 2832 638 2895 urit
656 2830 808 2895 officinas.

259 2991 304 3033 nc
321 2969 410 3032 decet
428 2979 482 3033 aut
499 2968 591 3032 viridi
608 2967 741 3031 nitidum
760 2979 855 3054 caput
872 2968 1023 3053 impedire
1041 2978 1153 3053 myrta

263 3073 318 3130 aut
334 3065 424 3141 flore,
443 3075 543 3129 terrac
561 3086 654 3147 quem
672 3062 778 3127 ferunt
796 3063 931 3141 solutac;
1270 3085 1301 3130 10

260 3181 304 3222 nc
321 3159 402 3222 etin
419 3157 576 3223 umbrosis
593 3158 705 3222 Fauno
723 3158 814 3222 dccet
830 3157 991 3221 immolare
1009 3156 1098 3234 lucis,

263 3276 320 3319 seu
336 3263 447 3339 poscat
465 3276 581 3339 agnam
599 3253 665 3317 sive
683 3252 771 3316 malit
788 3252 934 3315 hoedum.

261 3390 336 3453 llida
353 3413 437 3455 mors
455 3412 556 3473 aequo
573 3389 679 3475 pulsat
695 3388 775 3474 pede
792 3410 966 3473 pauperum
984 3386 1129 3453 tabernas

262 3506 435 3570 regumque
453 3493 563 3549 turres.
582 3507 601 3549 ο
619 3483 709 3548 beatc
729 3480 829 3559 Sexti,

262 3600 302 3643 ae
321 3602 444 3643 summa
460 3577 565 3643 brevis
584 3601 673 3663 spem
691 3600 749 3642 nos
767 3587 853 3642 vetat
870 3576 1015 3642 inchoare
1033 3577 1169 3663 longam.
1270 3598 1300 3643 15

262 3673 325 3737 iam
343 3681 373 3737 te
390 3682 512 3757 premet
529 3696 606 3751 nox,
625 3672 814 3754 fabulaeque
832 3671 957 3748 Manes,

267 3809 379 3874 demus
398 3810 487 3874 exilis
505 3810 667 3874 Plutonia:
686 3831 749 3891 que
768 3809 862 3873 simul
880 3810 1003 3884 maaria,

264 3925 320 3967 nec
336 3926 435 3989 regna
451 3904 517 3968 vini
535 3904 663 3968 sortiere
681 3903 762 3981 talis,

264 4019 276 4062 a
294 4008 435 4062 tenerum
452 3998 611 4084 Lycidam
628 3996 795 4074 mirabere,
816 4019 877 4081 quo
897 3997 976 4060 calet
993 3996 1139 4060 iuventus

264 4114 344 4156 nunc
361 4093 462 4157 omnis
481 4104 512 4157 et
529 4117 604 4157 mox
621 4092 758 4178 virgines
776 4090 934 4176 tepebunt.
1266 4108 1298 4154 20
