3225 5442
634 691 668 757 Q.
684 689 850 747 HORATII
862 689 1003 747 FLAccl

455 850 602 934 suspiret:
623 848 737 928 „eheu,
755 870 796 912 ne
813 848 900 912 rudis
919 849 1081 934 agminum

455 965 589 1027 sponsus
607 941 742 1007 lacessat
758 941 864 1028 regius
883 964 1029 1027 asperum

497 1045 581 1100 taotu
598 1035 735 1112 leonem,
754 1056 850 1117 quern
868 1046 996 1100 eruenta

538 1152 594 1214 per
611 1129 730 1193 medias
747 1129 830 1213 rapit
846 1129 893 1193 ira
910 1129 1063 1195 caedesl“

454 1265 544 1329 dulce
562 1274 593 1329 et
612 1266 758 1330 decorum
776 1274 825 1330 est
841 1287 899 1349 pro
916 1266 1016 1350 patria
1033 1267 1128 1330 mori:

453 1381 536 1422 mors
555 1367 587 1422 et
604 1358 750 1443 fugacem
766 1358 964 1443 persequitur
980 1360 1092 1437 virum,

496 1473 556 1515 neo
573 1452 671 1536 pareit
688 1451 823 1516 imbellis
841 1452 986 1517 iuventae

538 1544 708 1631 poplitibus
727 1546 898 1628 timidoque
916 1556 1015 1633 tergo.

453 1682 566 1758 virtus,
585 1681 728 1766 repulsae
745 1682 852 1746 neseio
870 1682 1023 1760 sordidae,

454 1775 645 1840 intaminatis
663 1774 765 1861 fulget
781 1775 964 1853 honoribus,

495 1890 554 1933 neo
572 1868 668 1933 sumit
684 1877 738 1932 aut
754 1868 844 1953 ponit
861 1891 987 1935 secures

539 1962 665 2026 arbitrio
682 1962 842 2046 popularis
861 1986 963 2028 aurae.

454 2100 568 2176 virtus,
586 2098 749 2162 recludens
766 2098 929 2164 immeritis
947 2100 1026 2164 mori

455 2193 589 2269 eaelum,
607 2201 722 2277 negata
740 2201 838 2256 tentat
853 2192 913 2256 iter
930 2194 990 2269 via,

499 2296 668 2368 coetusque
686 2284 832 2371 vulgares
851 2295 882 2349 et
898 2286 995 2350 udam

542 2379 660 2464 spernit
677 2378 809 2442 humum
826 2377 966 2464 fugiente
984 2402 1097 2465 penna.

454 2523 503 2578 est
520 2525 551 2579 et
567 2514 653 2578 fideli
670 2523 737 2578 tuta
755 2514 877 2579 silentio

455 2631 584 2673 meroes.
603 2607 731 2685 vetabo,
750 2609 805 2691 qui
824 2606 947 2673 Cereris
966 2630 1089 2673 saorum

497 2701 632 2787 vulgarit
650 2723 795 2778 areanae,
815 2700 874 2766 sub
891 2701 992 2765 isdem

542 2796 582 2859 sit
600 2793 740 2859 trabibus
758 2794 965 2880 fragilemque
983 2817 1107 2860 meeum

457 2931 558 2995 solvat
574 2929 748 3015 phaselum.
768 2953 862 3015 saepe
879 2929 1042 3016 Diespiter

454 3026 615 3112 neglectus
633 3026 752 3090 ineesto
770 3025 890 3090 addidit
906 3025 1076 3111 integrum3

395 3157 397 3160 ·
496 3142 567 3184 raro
585 3120 819 3185 antecedentem
838 3119 1005 3184 scelestum

541 3213 678 3278 deseruit
694 3214 774 3298 pede
791 3235 895 3302 poena
912 3213 1033 3277 elaudo.

677 3437 876 3499 OARMEN
897 3439 960 3497 ΙΠ.

562 3582 614 3630 An
635 3581 843 3632 cassanum
860 3581 1079 3634 Anousruu.

456 3706 580 3770 Iustum
597 3717 628 3772 et
645 3718 786 3774 tenacem
804 3709 956 3795 propositi
972 3709 1074 3773 virum

456 3823 520 3864 non
538 3802 653 3866 civium
671 3804 763 3867 ardor
779 3827 877 3889 prava
894 3802 1077 3878 iubentium,

499 3917 563 3958 non
579 3896 685 3961 vultus
703 3897 847 3962 instantis
866 3897 989 3983 tyranni

540 3997 644 4053 mente
662 3990 761 4072 quatit
779 3991 893 4068 solida,
912 4012 1013 4074 neque
1031 3988 1159 4067 Auster,

459 4124 524 4187 dux
541 4125 671 4208 inquieti
689 4126 831 4192 turbidus
850 4127 1000 4205 Hadriae,

457 4239 515 4281 nee
532 4217 727 4285 fulminantis
745 4244 861 4307 magua
878 4244 990 4286 manus
1008 4219 1108 4295 Iovis3

501 4311 528 4373 si
545 4310 663 4376 fractus
680 4313 826 4379 illabatur
843 4314 938 4391 orbis,

543 4403 736 4489 impavidum
753 4406 866 4472 ferient
882 4407 1001 4471 ruinae.
