3225 5442
448 730 674 788 SATIRARUM
691 730 765 785 LIB.
779 732 802 785 1.

276 901 430 974 quatenus
449 888 550 953 excidi
568 888 691 972 penitus
710 887 821 952 vitium
838 889 911 965 irae,

256 1008 305 1049 em
323 992 482 1066 nequeunt
501 982 603 1046 stultis
622 982 796 1059 hacrentia3
815 1005 870 1045 cur
888 1004 951 1047 non

256 1102 299 1143 rus
318 1078 515 1160 modulisque
534 1076 599 1141 suis
617 1077 697 1141 ratio
716 1077 826 1153 utitur,
846 1099 883 1140 ac
900 1099 950 1141 res

256 1195 305 1256 [ue
322 1182 371 1236 est
388 1172 432 1235 ita
449 1170 610 1255 suppliciis
629 1170 742 1235 delicta
760 1170 901 1235 coercet?

256 1289 317 1329 tum
336 1287 475 1340 servmn,
495 1263 633 1347 patinam
651 1264 706 1345 qui
723 1264 831 1328 tollere
849 1265 955 1329 iussus
1158 1283 1191 1331 80

268 1360 371 1444 pisces
390 1359 593 1443 tepidumque
611 1357 777 1443 ligtmierit
796 1358 855 1435 ius,

271 1453 412 1538 suffigat,
433 1451 584 1516 Labeone
602 1451 740 1516 insanior
758 1452 838 1515 inter

258 1560 354 1610 catur.
374 1559 490 1628 quanto
508 1544 569 1608 hoc
587 1545 736 1609 furiosius
755 1554 849 1627 atquc

256 1651 392 1705 accatum
411 1649 473 1704 est:
490 1640 630 1724 paullum
649 1640 779 1723 deliquit
796 1640 931 1717 amicus,

256 1735 273 1798 ri
291 1735 458 1811 concedas,
477 1732 612 1797 habeare
630 1733 785 1797 insuavis:
804 1733 935 1798 acerbus

271 1830 356 1914 fugis
375 1837 410 1892 ut
427 1828 588 1892 Rusonem
607 1827 729 1892 debitor
746 1828 837 1904 aeris,

276 1944 374 2005 quum
393 1922 496 1986 tristes
514 1921 629 1985 misero
647 1943 761 1984 venere
780 1921 939 1996 calendae,

257 2040 286 2079 m
305 2027 358 2079 ant
375 2038 521 2080 nummos
539 2015 622 2079 unde
641 2015 723 2079 unde
743 2015 886 2090 extricat,
906 2037 1027 2078 amaras

270 2110 377 2196 iugulo
396 2110 556 2187 historias,
575 2109 717 2193 captivus
736 2118 784 2185 ut,
804 2109 899 2172 audit.

257 2207 294 2269 rit
312 2206 427 2269 lectum
445 2214 538 2289 potus
556 2225 706 2268 mensave
725 2203 864 2267 catillum

270 2299 413 2363 manibus
432 2299 538 2362 tritum
556 2297 682 2361 deiecit:
701 2297 742 2361 ob
760 2297 842 2360 hanc
858 2319 935 2372 rem,

257 2409 319 2457 tum
338 2402 409 2458 ante
427 2415 498 2458 mea
515 2393 590 2476 quia
606 2392 727 2476 pullum
744 2391 777 2454 in
794 2401 883 2476 parte
902 2391 997 2455 catini

257 2488 410 2564 esuriens,
429 2487 532 2551 minus
550 2486 611 2550 hoc
628 2487 784 2551 iucundus
803 2485 923 2550 amicus

257 2582 357 2665 lquid
374 2582 503 2658 faciam,
523 2582 551 2646 si
568 2580 687 2645 furtum
704 2580 828 2658 fecerit,
847 2589 901 2644 aut
920 2581 946 2674 si

257 2677 281 2740 it
300 2677 467 2741 commissa
484 2676 546 2740 fide
565 2698 756 2759 sponsumve
774 2676 915 2761 negarit?
1160 2692 1193 2739 ao

257 2771 306 2835 ria
323 2793 393 2835 esse
411 2770 477 2836 sere
495 2771 613 2855 placuit
628 2781 772 2855 peccata,
791 2770 943 2846 laborant,

257 2876 355 2929 {ntum
374 2865 414 2929 ad
432 2888 541 2929 verum
560 2874 620 2930 est:
641 2886 752 2929 sensus
771 2886 937 2947 moresque
954 2875 1141 2949 repugnant,

259 2983 294 3024 sa
311 2960 443 3035 utilitas,
462 2960 537 3024 iusti
554 2980 652 3043 prope
670 2968 769 3023 mater
787 2969 819 3023 et
836 2959 936 3041 aequi.

258 3064 447 3138 irrepserunt
465 3054 573 3137 primis
592 3052 738 3116 animalia
755 3052 856 3128 terris,

258 3157 285 3211 et
302 3156 392 3231 turpe
409 3169 521 3232 pecus,
540 3146 687 3232 glandem
705 3156 799 3229 atque
818 3145 933 3209 cubilia
949 3154 1076 3229 propter
1164 3163 1212 3209 100

258 3263 272 3305 s
291 3250 322 3305 et
339 3240 469 3326 pugnis,
488 3241 561 3305 dein
578 3240 731 3317 fustibus,
750 3251 844 3323 atque
862 3240 906 3303 ita
922 3262 1015 3324 porro

258 3345 299 3398 int
315 3335 425 3411 annis,
444 3356 525 3417 quae
543 3344 615 3419 post
632 3334 841 3399 fabricaverat
857 3355 950 3410 usus3

258 3427 340 3501 arba,
359 3428 473 3511 quibus
492 3450 587 3492 voces
606 3450 781 3511 sensusque
799 3437 951 3504 notarent,

258 3544 302 3606 ,ue
320 3523 480 3587 invenere:
500 3522 612 3586 dehinc
631 3522 782 3587 absistere
800 3521 893 3599 bello,

258 3626 415 3700 coeperunt
434 3617 554 3681 munire
573 3628 603 3680 et
621 3639 737 3702 ponere
754 3617 852 3703 leges,

261 3709 313 3774 fur
330 3719 427 3786 esset,
446 3732 507 3774 neu
525 3709 619 3787 latre,
638 3733 700 3775 neu
718 3711 788 3793 quis
808 3710 937 3775 adulter.

258 3812 355 3867 tante
373 3804 530 3869 Helenam
549 3827 671 3869 cunnus
690 3805 848 3869 tetenima
865 3803 937 3878 belli

261 3897 317 3962 sed
335 3898 450 3983 ignotis
469 3898 626 3984 perierunt
644 3898 796 3963 mortibus
815 3898 869 3975 illi,

258 4013 359 4056 nerem
377 3992 527 4057 incertam
544 3992 701 4077 rapientes
718 4015 806 4057 more
824 3993 961 4055 ferarum

258 4086 363 4150 editior
381 4086 531 4151 caedebat
548 4096 583 4150 ut
600 4088 632 4149 in
650 4108 747 4173 grege
765 4096 883 4150 taurus.

258 4190 327 4243 enta
346 4190 430 4243 metu
449 4179 556 4245 iniusti
574 4180 692 4245 fateare
709 4201 840 4244 necesse
859 4187 915 4254 est,

274 4273 302 4337 si
319 4274 480 4357 fastosque
498 4274 576 4338 velis
595 4274 738 4338 evolvere
756 4273 874 4336 mundi.

258 4389 304 4431 na
320 4378 424 4452 potest
441 4368 525 4434 iusto
544 4390 704 4433 secernere
722 4367 874 4451 iniquum,

258 4469 280 4524 tt
298 4461 381 4526 bona
398 4462 543 4539 diversis,
562 4462 713 4547 fugienda
730 4462 887 4547 petendis3

928 4567 970 4625 9*
