3225 5442
634 663 668 727 Q.
683 660 849 717 ΗΟΒΔΤΠ
862 659 1003 716 FLAccr

476 841 534 883 nec
551 841 626 883 vera
642 818 756 895 virtus,
775 839 873 901 quum
891 818 990 883 semel
1008 820 1137 897 excidit,

476 922 563 977 curat
580 912 689 997 reponi
706 910 921 976 deterioribus.

518 1007 546 1070 si
562 1015 683 1091 pugnat
700 1005 851 1070 extricata
867 1006 974 1071 densis

560 1122 653 1163 corsa
669 1099 786 1185 plagis,
797 1100 864 1176 ,erit
880 1100 932 1164 ille
950 1100 1052 1179 fortis,

477 1237 532 1320 qui
548 1236 675 1321 perfidis
694 1258 729 1300 se
747 1235 878 1300 credidit
895 1236 1050 1315 hostibuS,

478 1340 508 1395 et
526 1330 630 1394 Marte
648 1329 774 1395 Poenos
792 1338 929 1413 proteret
946 1329 1055 1408 alter0,

518 1425 572 1507 qui
589 1424 656 1488 lora
673 1423 823 1488 restrictis
840 1423 963 1488 lacertis

561 1517 657 1581 sensit
675 1517 757 1581 iners
776 1517 940 1600 timuitque
958 1526 1101 1581 mortem.

474 1655 539 1731 hic,
558 1653 641 1717 unde
659 1654 756 1717 vitam
775 1662 911 1717 sumeret
928 1651 1057 1729 inscius,

476 1769 586 1831 pacem
604 1747 708 1811 duello
726 1746 861 1811 miscuit.
880 1769 899 1812 o
916 1746 1032 1832 pudor!

518 1863 537 1904 o
555 1864 671 1926 magna
689 1838 863 1926 Carthago,
882 1840 1041 1924 probrosis

562 1934 652 1998 altior
669 1934 779 1999 Italiae
796 1934 934 1998 ruinis!“

478 2074 576 2136 fertur
592 2072 725 2157 pudicae
743 2072 885 2158 coniugis
903 2072 1046 2137 osculnm

477 2188 652 2250 parvosque
670 2176 774 2243 natos,
792 2175 828 2230 ut
845 2166 955 2251 capitis
973 2166 1084 2243 minor,

519 2259 559 2323 ab
578 2282 612 2324 se
630 2260 816 2336 removisse,
836 2269 867 2323 et
884 2260 1003 2324 virilem

562 2362 669 2417 torvus
687 2353 775 2417 humi
792 2353 935 2439 posuisse
953 2353 1084 2429 vultum,

477 2489 576 2552 donec
592 2487 734 2554 labantes
752 2490 882 2554 oonsilio
899 2489 1011 2555 Patres

476 2582 612 2646 firmaret
629 2592 737 2647 auctor
754 2606 926 2667 numquam
944 2584 1020 2648 alias
1039 2584 1122 2660 dato,

517 2675 659 2759 interque
676 2687 850 2741 maerentes
869 2677 986 2743 amicos

561 2771 706 2858 egregius
723 2784 903 2856 properaret
921 2772 1019 2836 exsul.

477 2907 563 2989 atqui
582 2906 712 2983 sciebat,
732 2930 812 2990 quac
831 2907 890 2972 sibi
908 2907 1058 2972 barbarus

478 3010 575 3064 tortor
592 3012 729 3085 pararet3
747 3024 811 3065 non
829 3002 917 3065 aliter
934 3012 1039 3066 tamen

518 3097 649 3177 dimovit¹
666 3096 826 3161 obstantes
843 3097 1033 3182 propinquos

562 3200 593 3254 et
610 3190 761 3275 populum
779 3191 896 3255 reditus
915 3200 1096 3268 morantem,

477 3348 571 3408 quam
590 3327 618 3391 si
636 3327 782 3392 clientum
800 3327 896 3413 longa
912 3327 1038 3414 negotia

478 3419 646 3485 diiudicata
662 3421 716 3485 lite
733 3421 930 3504 relinqueret,

520 3514 649 3578 tendens
668 3514 864 3578 Venafranos
882 3515 915 3578 in
932 3537 1025 3600 agros

563 3618 617 3672 aut
634 3608 922 3672 Lacedaemonium
940 3608 1122 3673 Tarentum.

678 3784 878 3894 CARMEN
898 3835 958 3895 VI.

649 3978 708 4026 nn
740 3976 989 4027 Romanos,

389 4095 392 4101 ’
456 4105 581 4170 Delicta
598 4104 751 4169 maiorum
769 4103 941 4168 immeritus
959 4102 1037 4179 lues,

457 4198 612 4276 Romane,
632 4199 732 4262 donec
750 4197 866 4282 templa
882 4196 1028 4263 refeceris

499 4293 655 4374 aedesque
673 4291 812 4356 labentes
830 4292 959 4355 deorum
978 4299 1008 4353 ct

541 4385 635 4449 foeda
652 4385 742 4471 nigro
760 4385 926 4450 simulacra
943 4384 1041 4448 fumo,
