3225 5442
215 694 277 759 120

546 706 580 771 Q.
595 703 758 759 HORATII
772 703 917 759 FLACOI

341 862 435 928 Nessi
452 883 575 939 cruore,
594 883 653 926 nee
671 858 786 927 Sicana
803 860 932 925 fervida

342 958 444 1021 virens
462 957 495 1020 in
512 957 618 1019 Aetna
635 954 769 1019 flamma.
789 963 838 1031 tu,
859 955 965 1020 donec
983 958 1062 1022 einis

341 1050 497 1115 iniuriosis
516 1050 621 1113 aridus
639 1049 740 1114 ventis
759 1048 851 1126 ser-ar,

342 1144 425 1210 cales
444 1144 573 1208 venenis
591 1142 717 1207 officina
736 1141 905 1208 Colchicis.

341 1260 421 1322 quae
438 1236 529 1301 finis?
546 1246 600 1301 aut
617 1237 703 1319 quod
720 1258 778 1315 me
788 1245 896 1301 manet
914 1238 1124 1322 stipendium?

342 1332 452 1396 effare:
470 1331 573 1396 iussas
592 1353 664 1396 cum
681 1330 744 1394 fide
760 1352 880 1415 poenas
898 1331 998 1409 luam,

341 1435 469 1511 paratus
487 1424 627 1509 expiare,
647 1446 704 1489 seu
720 1425 904 1509 poposceris

342 1528 466 1584 centum
483 1519 648 1595 iuvencos,
668 1518 734 1583 sive
752 1518 897 1582 mendaci
914 1517 985 1603 lyra

341 1613 429 1677 voles
448 1612 565 1676 sonari:
586 1622 641 1690 „tu
658 1611 784 1695 pudica,
804 1621 838 1674 tu
854 1612 958 1696 proba

341 1705 572 1791 perambulabis
590 1716 676 1770 astra
693 1705 779 1771 sidus
798 1712 960 1769 aureum.“

341 1800 467 1864 infamis
486 1800 629 1864 Helenae
648 1798 763 1865 Castor
780 1800 922 1865 offensus
939 1802 1021 1879 vioe,

342 1895 499 1977 fraterque
517 1893 624 1979 magni
643 1892 798 1971 castoria,
817 1894 893 1958 victi
909 1916 1005 1979 prece

343 1990 468 2053 ademta
485 1988 550 2053 vati
567 1987 730 2053 reddidere
747 1987 874 2052 lumina.

342 2100 374 2147 et
391 2092 425 2146 tu
444 2121 485 2129 —
503 2091 593 2166 potes
610 2105 683 2146 nam
701 2121 743 2129 —
761 2081 848 2146 solve
866 2104 917 2145 me
935 2082 1100 2161 dementia,

343 2200 362 2243 o
380 2199 438 2241 nec
455 2177 592 2261 paternis
610 2175 752 2242 obsoleta
770 2177 925 2255 sordibus,

343 2293 444 2354 neque
462 2270 495 2333 in
513 2270 662 2356 sepulcris
679 2292 854 2356 pauperum
870 2272 1011 2356 prudens
1030 2296 1106 2337 anus

344 2364 546 2429 novendiales
566 2365 717 2451 dissipare
734 2364 889 2450 pulveres.

343 2458 401 2524 tibi
418 2458 572 2543 hospitale
589 2467 699 2545 pectus
718 2468 749 2523 et
765 2481 862 2543 purae
880 2453 1020 2538 manus,'

344 2562 478 2635 tuusque
496 2562 605 2617 venter
621 2552 838 2631 Pactumeius,
857 2562 889 2616 et
905 2562 960 2617 tuo

344 2669 452 2710 cruore
470 2646 581 2711 rubros
600 2645 752 2712 obstetrix
767 2669 890 2732 pannos
907 2646 994 2724 lavit,

343 2750 512 2823 utcumque
530 2740 619 2805 sortis
638 2741 745 2805 exsilis
762 2762 925 2825 puerpera
950 2798 953 2804 .

387 2857 485 2898 caum.
510 2833 597 2916 Quid
615 2834 771 2900 obseratis·
785 2834 913 2898 auribus
930 2834 1039 2899 frmdis
1058 2835 1178 2921 preces?

344 2951 411 3019 non
426 2951 503 2992 saxa
520 2929 613 2992 nudis
632 2928 773 2993 surdiora
790 2930 904 2993 navitis

344 3023 508 3107 Neptunus
527 3023 590 3088 alto
608 3024 711 3087 tundit
728 3023 877 3088 hibernus
896 3023 973 3088 salo.

343 3117 460 3181 inultus
479 3126 514 3179 ut
531 3126 566 3180 tu
582 3116 686 3180 riseris
707 3116 847 3202 Cotyttia

344 3212 485 3295 vulgata,
506 3232 628 3274 sacrum
646 3211 735 3276 liberi
754 3211 940 3296 Cupidinis?

344 3316 375 3368 et
392 3304 551 3388 Esquilini
567 3306 710 3389 pontifex
727 3305 858 3370 venefici

343 3400 470 3483 impune
488 3409 523 3462 ut
540 3399 793 3464 urbem·nomine
810 3398 948 3483 impleris
966 3400 1057 3463 meo?

241 3564 243 3567 y
345 3494 421 3576 quid
438 3494 584 3577 proderat
602 3495 718 3559 ditasse
736 3493 886 3579 Pelignus
904 3516 993 3569 anus,

344 3587 523 3678 velociusve
541 3588 706 3653 miscuisse
723 3587 881 3652 toxicum?

345 3682 400 3746 sed
419 3682 554 3746 tardiora
571 3683 637 3748 fata
654 3692 685 3748 te
702 3684 784 3747 votis
802 3690 942 3747 manent:

343 3776 467 3861 ingrata
484 3777 598 3842 misero
615 3778 681 3840 vita
697 3776 841 3840 ducenda
859 3775 956 3839 estin
974 3774 1045 3850 hoc,

345 3870 436 3934 novis
454 3881 607 3954 utusque
626 3881 775 3955 suppetas
794 3869 964 3934 laboribus.

344 3973 430 4048 optat
449 3964 584 4047 quietem
604 3964 730 4049 Pelopis
749 3964 838 4028 infidi
854 3972 952 4048 pater,

344 4080 441 4144 egens
460 4058 614 4144 benignae
633 4057 785 4122 Tantalus
804 4078 929 4141 semper
946 4054 1051 4139 dapis;

344 4163 431 4237 optat
448 4152 655 4217 Prometheus
673 4152 831 4238 obligatus
850 4152 930 4228 aliti3

343 4257 429 4333 optat
447 4270 593 4331 supremo
611 4247 762 4313 collocare
782 4244 939 4331 Sisyphus

343 4342 377 4405 in
393 4352 498 4406 monte
517 4365 643 4419 saxum3
663 4342 720 4406 sed
737 4350 844 4405 vetant
861 4341 948 4425 leges
967 4338 1063 4402 Iovis.

343 4435 430 4498 voles
448 4435 542 4499 modo
560 4435 630 4500 altis
648 4435 772 4500 desilire
791 4434 937 4511 turribus,
