<?xml version="1.0" encoding="UTF-8"?>
<!DOCTYPE html PUBLIC "-//W3C//DTD XHTML 1.0 Transitional//EN"
    "http://www.w3.org/TR/xhtml1/DTD/xhtml1-transitional.dtd">
<html xmlns="http://www.w3.org/1999/xhtml" xml:lang="en" lang="en">
 <head>
  <title>
</title>
<meta http-equiv="Content-Type" content="text/html;charset=utf-8" />
  <meta name='ocr-system' content='tesseract 3.04.00' />
  <meta name='ocr-capabilities' content='ocr_page ocr_carea ocr_par ocr_line ocrx_word'/>
</head>
<body>
  <div class='ocr_page' id='page_1' title='image "./qhoratiiflaccio00stalgoog/qhoratiiflaccio00stalgoog_0303.png"; bbox 0 0 3225 5442; ppageno 0'>
   <div class='ocr_carea' id='block_1_1' title="bbox 500 699 1223 767">
    <p class='ocr_par' dir='ltr' id='par_1_1' title="bbox 500 699 1223 767">
     <span class='ocr_line' id='line_1_1' title="bbox 500 699 1223 767; baseline -0.001 -2"><span class='ocrx_word' id='word_1_1' title='bbox 500 708 775 767; x_wconf 72' lang='lat' dir='ltr'><strong>EPISTULARUM</strong></span> <span class='ocrx_word' id='word_1_2' title='bbox 794 710 867 764; x_wconf 91' lang='lat' dir='ltr'><strong>LIB.</strong></span> <span class='ocrx_word' id='word_1_3' title='bbox 885 712 922 765; x_wconf 85' lang='lat' dir='ltr'>ll.</span> <span class='ocrx_word' id='word_1_4' title='bbox 1159 699 1223 764; x_wconf 77' lang='grc'>215</span> 
     </span>
    </p>
   </div>
   <div class='ocr_carea' id='block_1_2' title="bbox 192 866 1275 4512">
    <p class='ocr_par' dir='ltr' id='par_1_2' title="bbox 192 866 1275 1031">
     <span class='ocr_line' id='line_1_2' title="bbox 193 866 1275 957; baseline 0.001 -21"><span class='ocrx_word' id='word_1_5' title='bbox 193 879 378 957; x_wconf 84' lang='lat' dir='ltr'>exspectata</span> <span class='ocrx_word' id='word_1_6' title='bbox 395 866 452 931; x_wconf 85' lang='lat' dir='ltr'>tibi</span> <span class='ocrx_word' id='word_1_7' title='bbox 469 889 532 930; x_wconf 94' lang='lat' dir='ltr'>non</span> <span class='ocrx_word' id='word_1_8' title='bbox 550 866 673 930; x_wconf 86' lang='lat' dir='ltr'>mittam</span> <span class='ocrx_word' id='word_1_9' title='bbox 690 867 828 931; x_wconf 84' lang='lat' dir='ltr'>carmina</span> <span class='ocrx_word' id='word_1_10' title='bbox 845 869 990 933; x_wconf 81' lang='lat' dir='ltr'>mendax.</span> <span class='ocrx_word' id='word_1_11' title='bbox 1242 890 1275 937; x_wconf 77' lang='lat'>25</span> 
     </span>
     <span class='ocr_line' id='line_1_3' title="bbox 192 961 834 1031; baseline -0.008 0"><span class='ocrx_word' id='word_1_12' title='bbox 192 964 324 1031; x_wconf 87' lang='lat' dir='ltr'>Luculli</span> <span class='ocrx_word' id='word_1_13' title='bbox 341 962 431 1027; x_wconf 90' lang='lat' dir='ltr'>miles</span> <span class='ocrx_word' id='word_1_14' title='bbox 450 961 580 1025; x_wconf 86' lang='lat' dir='ltr'>collecta</span> <span class='ocrx_word' id='word_1_15' title='bbox 597 961 711 1024; x_wconf 89' lang='lat' dir='ltr'>viatica</span> <span class='ocrx_word' id='word_1_16' title='bbox 727 961 834 1026; x_wconf 89' lang='lat' dir='ltr'>multis</span> 
     </span>
    </p>

    <p class='ocr_par' dir='ltr' id='par_1_3' title="bbox 192 1054 1125 1329">
     <span class='ocr_line' id='line_1_4' title="bbox 193 1054 1007 1133; baseline -0.006 -9"><span class='ocrx_word' id='word_1_17' title='bbox 193 1057 366 1133; x_wconf 91' lang='lat' dir='ltr'>aerumnis,</span> <span class='ocrx_word' id='word_1_18' title='bbox 385 1056 488 1119; x_wconf 89' lang='lat' dir='ltr'>lassus</span> <span class='ocrx_word' id='word_1_19' title='bbox 507 1054 580 1118; x_wconf 93' lang='lat' dir='ltr'>dum</span> <span class='ocrx_word' id='word_1_20' title='bbox 599 1066 694 1119; x_wconf 87' lang='lat' dir='ltr'>noctu</span> <span class='ocrx_word' id='word_1_21' title='bbox 712 1056 825 1132; x_wconf 88' lang='lat' dir='ltr'>stertit,</span> <span class='ocrx_word' id='word_1_22' title='bbox 845 1056 885 1119; x_wconf 90' lang='lat' dir='ltr'>ad</span> <span class='ocrx_word' id='word_1_23' title='bbox 903 1078 1007 1119; x_wconf 82' lang='lat' dir='ltr'>assem</span> 
     </span>
     <span class='ocr_line' id='line_1_5' title="bbox 192 1148 1125 1239; baseline -0.004 -22"><span class='ocrx_word' id='word_1_24' title='bbox 192 1153 385 1239; x_wconf 84' lang='lat' dir='ltr'>perdiderat3</span> <span class='ocrx_word' id='word_1_25' title='bbox 403 1148 551 1233; x_wconf 88' lang='lat' dir='ltr'>posthoc</span> <span class='ocrx_word' id='word_1_26' title='bbox 569 1148 738 1213; x_wconf 88' lang='lat' dir='ltr'>vehemens</span> <span class='ocrx_word' id='word_1_27' title='bbox 756 1149 849 1234; x_wconf 92' lang='lat' dir='ltr'>lupus</span> <span class='ocrx_word' id='word_1_28' title='bbox 868 1160 899 1215; x_wconf 90' lang='lat' dir='ltr'>et</span> <span class='ocrx_word' id='word_1_29' title='bbox 917 1149 976 1214; x_wconf 92' lang='lat' dir='ltr'>sibi</span> <span class='ocrx_word' id='word_1_30' title='bbox 995 1159 1025 1214; x_wconf 91' lang='lat' dir='ltr'>et</span> <span class='ocrx_word' id='word_1_31' title='bbox 1043 1150 1125 1215; x_wconf 87' lang='lat' dir='ltr'>hosti</span> 
     </span>
     <span class='ocr_line' id='line_1_6' title="bbox 193 1242 834 1329; baseline -0.009 -17"><span class='ocrx_word' id='word_1_32' title='bbox 193 1249 292 1312; x_wconf 87' lang='lat' dir='ltr'>iratus</span> <span class='ocrx_word' id='word_1_33' title='bbox 310 1245 439 1329; x_wconf 87' lang='lat' dir='ltr'>pariter,</span> <span class='ocrx_word' id='word_1_34' title='bbox 457 1242 570 1307; x_wconf 90' lang='lat' dir='ltr'>ieiunis</span> <span class='ocrx_word' id='word_1_35' title='bbox 588 1242 734 1307; x_wconf 84' lang='lat' dir='ltr'>dentibus</span> <span class='ocrx_word' id='word_1_36' title='bbox 753 1265 834 1320; x_wconf 88' lang='lat' dir='ltr'>acer,</span> 
     </span>
    </p>

    <p class='ocr_par' dir='ltr' id='par_1_4' title="bbox 193 1336 907 1426">
     <span class='ocr_line' id='line_1_7' title="bbox 193 1336 907 1426; baseline -0.006 -22"><span class='ocrx_word' id='word_1_37' title='bbox 193 1338 385 1426; x_wconf 84' lang='lat' dir='ltr'>praesidium</span> <span class='ocrx_word' id='word_1_38' title='bbox 402 1337 508 1422; x_wconf 81' lang='lat' dir='ltr'>regale</span> <span class='ocrx_word' id='word_1_39' title='bbox 526 1336 596 1401; x_wconf 91' lang='lat' dir='ltr'>loco</span> <span class='ocrx_word' id='word_1_40' title='bbox 614 1336 740 1413; x_wconf 90' lang='lat' dir='ltr'>deiecit,</span> <span class='ocrx_word' id='word_1_41' title='bbox 758 1347 794 1400; x_wconf 92' lang='lat' dir='ltr'>ut</span> <span class='ocrx_word' id='word_1_42' title='bbox 811 1338 907 1414; x_wconf 89' lang='lat' dir='ltr'>aiunt,</span> 
     </span>
    </p>

    <p class='ocr_par' dir='ltr' id='par_1_5' title="bbox 196 1430 936 1498">
     <span class='ocr_line' id='line_1_8' title="bbox 196 1430 936 1498; baseline -0.005 0"><span class='ocrx_word' id='word_1_43' title='bbox 196 1454 318 1498; x_wconf 92' lang='lat' dir='ltr'>summe</span> <span class='ocrx_word' id='word_1_44' title='bbox 336 1430 455 1493; x_wconf 85' lang='lat' dir='ltr'>munito</span> <span class='ocrx_word' id='word_1_45' title='bbox 474 1440 504 1494; x_wconf 92' lang='lat' dir='ltr'>et</span> <span class='ocrx_word' id='word_1_46' title='bbox 522 1430 690 1493; x_wconf 87' lang='lat' dir='ltr'>multarum</span> <span class='ocrx_word' id='word_1_47' title='bbox 708 1431 804 1494; x_wconf 89' lang='lat' dir='ltr'>divite</span> <span class='ocrx_word' id='word_1_48' title='bbox 823 1453 936 1494; x_wconf 88' lang='lat' dir='ltr'>rerum.</span> 
     </span>
    </p>

    <p class='ocr_par' dir='ltr' id='par_1_6' title="bbox 195 1524 942 1610">
     <span class='ocr_line' id='line_1_9' title="bbox 195 1524 942 1610; baseline -0.003 -19"><span class='ocrx_word' id='word_1_49' title='bbox 195 1527 299 1592; x_wconf 89' lang='lat' dir='ltr'>clarus</span> <span class='ocrx_word' id='word_1_50' title='bbox 317 1524 358 1590; x_wconf 95' lang='lat' dir='ltr'>ob</span> <span class='ocrx_word' id='word_1_51' title='bbox 376 1525 409 1588; x_wconf 92' lang='lat' dir='ltr'>id</span> <span class='ocrx_word' id='word_1_52' title='bbox 426 1525 545 1588; x_wconf 87' lang='lat' dir='ltr'>factum</span> <span class='ocrx_word' id='word_1_53' title='bbox 563 1524 654 1588; x_wconf 91' lang='lat' dir='ltr'>donis</span> <span class='ocrx_word' id='word_1_54' title='bbox 673 1535 800 1588; x_wconf 87' lang='lat' dir='ltr'>ornatur</span> <span class='ocrx_word' id='word_1_55' title='bbox 818 1525 942 1610; x_wconf 89' lang='lat' dir='ltr'>opimis,</span> 
     </span>
    </p>

    <p class='ocr_par' dir='ltr' id='par_1_7' title="bbox 196 1617 952 1706">
     <span class='ocr_line' id='line_1_10' title="bbox 196 1617 952 1706; baseline -0.004 -21"><span class='ocrx_word' id='word_1_56' title='bbox 196 1620 310 1706; x_wconf 85' lang='lat' dir='ltr'>accipit</span> <span class='ocrx_word' id='word_1_57' title='bbox 327 1628 358 1682; x_wconf 91' lang='lat' dir='ltr'>et</span> <span class='ocrx_word' id='word_1_58' title='bbox 375 1617 424 1682; x_wconf 94' lang='lat' dir='ltr'>bis</span> <span class='ocrx_word' id='word_1_59' title='bbox 442 1618 524 1681; x_wconf 91' lang='lat' dir='ltr'>dena</span> <span class='ocrx_word' id='word_1_60' title='bbox 542 1639 636 1702; x_wconf 92' lang='lat' dir='ltr'>super</span> <span class='ocrx_word' id='word_1_61' title='bbox 654 1618 796 1681; x_wconf 89' lang='lat' dir='ltr'>sestertia</span> <span class='ocrx_word' id='word_1_62' title='bbox 813 1641 952 1682; x_wconf 91' lang='lat' dir='ltr'>numum.</span> 
     </span>
    </p>

    <p class='ocr_par' dir='ltr' id='par_1_8' title="bbox 195 1712 1055 1891">
     <span class='ocr_line' id='line_1_11' title="bbox 195 1712 1055 1798; baseline 0 -20"><span class='ocrx_word' id='word_1_63' title='bbox 195 1715 277 1779; x_wconf 84' lang='lat' dir='ltr'>forte</span> <span class='ocrx_word' id='word_1_64' title='bbox 296 1712 355 1778; x_wconf 92' lang='lat' dir='ltr'>sub</span> <span class='ocrx_word' id='word_1_65' title='bbox 372 1712 433 1776; x_wconf 88' lang='lat' dir='ltr'>hoe</span> <span class='ocrx_word' id='word_1_66' title='bbox 450 1721 574 1795; x_wconf 92' lang='lat' dir='ltr'>tempus</span> <span class='ocrx_word' id='word_1_67' title='bbox 593 1712 756 1776; x_wconf 89' lang='lat' dir='ltr'>castellum</span> <span class='ocrx_word' id='word_1_68' title='bbox 774 1723 913 1777; x_wconf 88' lang='lat' dir='ltr'>evertere</span> <span class='ocrx_word' id='word_1_69' title='bbox 931 1725 1055 1798; x_wconf 85' lang='lat' dir='ltr'>praetor</span> 
     </span>
     <span class='ocr_line' id='line_1_12' title="bbox 195 1806 960 1891; baseline -0.001 -20"><span class='ocrx_word' id='word_1_70' title='bbox 195 1807 303 1872; x_wconf 90' lang='lat' dir='ltr'>nescio</span> <span class='ocrx_word' id='word_1_71' title='bbox 321 1807 406 1890; x_wconf 92' lang='lat' dir='ltr'>quod</span> <span class='ocrx_word' id='word_1_72' title='bbox 423 1806 552 1890; x_wconf 90' lang='lat' dir='ltr'>cupiens</span> <span class='ocrx_word' id='word_1_73' title='bbox 570 1806 687 1874; x_wconf 82' lang='lat' dir='ltr'>hortari</span> <span class='ocrx_word' id='word_1_74' title='bbox 706 1806 808 1891; x_wconf 92' lang='lat' dir='ltr'>coepit</span> <span class='ocrx_word' id='word_1_75' title='bbox 826 1808 960 1870; x_wconf 90' lang='lat' dir='ltr'>eundem</span> 
     </span>
    </p>

    <p class='ocr_par' dir='ltr' id='par_1_9' title="bbox 195 1899 1130 2267">
     <span class='ocr_line' id='line_1_13' title="bbox 195 1899 1130 1985; baseline 0.001 -20"><span class='ocrx_word' id='word_1_76' title='bbox 195 1900 314 1977; x_wconf 87' lang='lat' dir='ltr'>verbis,</span> <span class='ocrx_word' id='word_1_77' title='bbox 333 1922 414 1983; x_wconf 88' lang='lat' dir='ltr'>quae</span> <span class='ocrx_word' id='word_1_78' title='bbox 432 1899 540 1963; x_wconf 92' lang='lat' dir='ltr'>timido</span> <span class='ocrx_word' id='word_1_79' title='bbox 558 1921 683 1983; x_wconf 90' lang='lat' dir='ltr'>quoque</span> <span class='ocrx_word' id='word_1_80' title='bbox 701 1910 831 1985; x_wconf 80' lang='lat' dir='ltr'>possent</span> <span class='ocrx_word' id='word_1_81' title='bbox 848 1901 962 1965; x_wconf 83' lang='lat' dir='ltr'><strong>addere</strong></span> <span class='ocrx_word' id='word_1_82' title='bbox 980 1908 1130 1966; x_wconf 82' lang='lat' dir='ltr'><strong>mentem:</strong></span> 
     </span>
     <span class='ocr_line' id='line_1_14' title="bbox 198 1992 1026 2077; baseline 0.001 -19"><span class='ocrx_word' id='word_1_83' title='bbox 198 1993 327 2073; x_wconf 91' lang='lat' dir='ltr'>„ibone</span> <span class='ocrx_word' id='word_1_84' title='bbox 345 2015 407 2076; x_wconf 92' lang='lat' dir='ltr'>quo</span> <span class='ocrx_word' id='word_1_85' title='bbox 425 1992 523 2056; x_wconf 88' lang='lat' dir='ltr'>virtus</span> <span class='ocrx_word' id='word_1_86' title='bbox 542 2002 596 2055; x_wconf 92' lang='lat' dir='ltr'>tua</span> <span class='ocrx_word' id='word_1_87' title='bbox 615 2003 644 2056; x_wconf 94' lang='lat' dir='ltr'>te</span> <span class='ocrx_word' id='word_1_88' title='bbox 663 2003 767 2070; x_wconf 87' lang='lat' dir='ltr'>vocat,</span> <span class='ocrx_word' id='word_1_89' title='bbox 785 1994 797 2056; x_wconf 94' lang='lat' dir='ltr'>i</span> <span class='ocrx_word' id='word_1_90' title='bbox 815 1993 895 2077; x_wconf 91' lang='lat' dir='ltr'>pede</span> <span class='ocrx_word' id='word_1_91' title='bbox 912 1994 1026 2071; x_wconf 85' lang='lat' dir='ltr'>fausto,</span> 
     </span>
     <span class='ocr_line' id='line_1_15' title="bbox 196 2086 1095 2173; baseline -0.001 -22"><span class='ocrx_word' id='word_1_92' title='bbox 196 2088 328 2173; x_wconf 80' lang='lat' dir='ltr'>grandia</span> <span class='ocrx_word' id='word_1_93' title='bbox 344 2087 463 2150; x_wconf 89' lang='lat' dir='ltr'>laturus</span> <span class='ocrx_word' id='word_1_94' title='bbox 482 2086 663 2150; x_wconf 88' lang='lat' dir='ltr'>meritorum</span> <span class='ocrx_word' id='word_1_95' title='bbox 679 2087 828 2170; x_wconf 89' lang='lat' dir='ltr'>praemia.</span> <span class='ocrx_word' id='word_1_96' title='bbox 852 2088 928 2169; x_wconf 90' lang='lat' dir='ltr'>quid</span> <span class='ocrx_word' id='word_1_97' title='bbox 946 2090 1053 2152; x_wconf 85' lang='lat' dir='ltr'>stas?“</span> <span class='ocrx_word' id='word_1_98' title='bbox 1091 2137 1095 2143; x_wconf 80' lang='grc'><em>.</em></span> 
     </span>
     <span class='ocr_line' id='line_1_16' title="bbox 195 2179 1033 2267; baseline -0.001 -22"><span class='ocrx_word' id='word_1_99' title='bbox 195 2180 364 2267; x_wconf 86' lang='lat' dir='ltr'>posthaec</span> <span class='ocrx_word' id='word_1_100' title='bbox 381 2179 433 2243; x_wconf 92' lang='lat' dir='ltr'>ille</span> <span class='ocrx_word' id='word_1_101' title='bbox 451 2187 539 2243; x_wconf 91' lang='lat' dir='ltr'>catus</span> <span class='ocrx_word' id='word_1_102' title='bbox 557 2179 758 2261; x_wconf 84' lang='lat' dir='ltr'>quantumvis</span> <span class='ocrx_word' id='word_1_103' title='bbox 776 2180 927 2245; x_wconf 88' lang='lat' dir='ltr'>rusticus:</span> <span class='ocrx_word' id='word_1_104' title='bbox 948 2180 1033 2259; x_wconf 72' lang='lat' dir='ltr'>„ibit</span> 
     </span>
    </p>

    <p class='ocr_par' dir='ltr' id='par_1_10' title="bbox 195 2272 1007 2452">
     <span class='ocr_line' id='line_1_17' title="bbox 195 2272 1007 2358; baseline 0.001 -21"><span class='ocrx_word' id='word_1_105' title='bbox 195 2273 254 2337; x_wconf 84' lang='lat' dir='ltr'>ibit</span> <span class='ocrx_word' id='word_1_106' title='bbox 271 2296 322 2350; x_wconf 92' lang='lat' dir='ltr'>eo,</span> <span class='ocrx_word' id='word_1_107' title='bbox 341 2272 485 2355; x_wconf 86' lang='lat' dir='ltr'>quovis,</span> <span class='ocrx_word' id='word_1_108' title='bbox 504 2274 558 2356; x_wconf 91' lang='lat' dir='ltr'>qui</span> <span class='ocrx_word' id='word_1_109' title='bbox 576 2295 687 2337; x_wconf 90' lang='lat' dir='ltr'>zonam</span> <span class='ocrx_word' id='word_1_110' title='bbox 705 2274 879 2358; x_wconf 83' lang='lat' dir='ltr'>perdidit,“</span> <span class='ocrx_word' id='word_1_111' title='bbox 899 2275 1007 2358; x_wconf 91' lang='lat' dir='ltr'>inquit.</span> 
     </span>
     <span class='ocr_line' id='line_1_18' title="bbox 195 2366 920 2452; baseline 0 -21"><span class='ocrx_word' id='word_1_112' title='bbox 195 2367 318 2431; x_wconf 89' lang='lat' dir='ltr'>Romae</span> <span class='ocrx_word' id='word_1_113' title='bbox 334 2366 445 2429; x_wconf 88' lang='lat' dir='ltr'>nutriri</span> <span class='ocrx_word' id='word_1_114' title='bbox 461 2366 538 2429; x_wconf 92' lang='lat' dir='ltr'>mihi</span> <span class='ocrx_word' id='word_1_115' title='bbox 556 2367 687 2452; x_wconf 89' lang='lat' dir='ltr'>contigit</span> <span class='ocrx_word' id='word_1_116' title='bbox 704 2377 798 2450; x_wconf 90' lang='lat' dir='ltr'>atque</span> <span class='ocrx_word' id='word_1_117' title='bbox 808 2368 920 2440; x_wconf 77' lang='lat' dir='ltr'>,doceri</span> 
     </span>
    </p>

    <p class='ocr_par' dir='ltr' id='par_1_11' title="bbox 196 2457 932 2542">
     <span class='ocr_line' id='line_1_19' title="bbox 196 2457 932 2542; baseline 0.004 -19"><span class='ocrx_word' id='word_1_118' title='bbox 196 2461 293 2524; x_wconf 89' lang='lat' dir='ltr'>iratus</span> <span class='ocrx_word' id='word_1_119' title='bbox 312 2457 417 2524; x_wconf 87' lang='lat' dir='ltr'>Graiis</span> <span class='ocrx_word' id='word_1_120' title='bbox 435 2470 586 2542; x_wconf 90' lang='lat' dir='ltr'>quantum</span> <span class='ocrx_word' id='word_1_121' title='bbox 604 2461 763 2525; x_wconf 81' lang='lat' dir='ltr'>nocuisset</span> <span class='ocrx_word' id='word_1_122' title='bbox 780 2461 932 2526; x_wconf 92' lang='lat' dir='ltr'>Achilles.</span> 
     </span>
    </p>

    <p class='ocr_par' dir='ltr' id='par_1_12' title="bbox 198 2552 938 2639">
     <span class='ocr_line' id='line_1_20' title="bbox 198 2552 938 2639; baseline 0.003 -22"><span class='ocrx_word' id='word_1_123' title='bbox 198 2554 339 2617; x_wconf 90' lang='lat' dir='ltr'>adiecere</span> <span class='ocrx_word' id='word_1_124' title='bbox 356 2552 457 2617; x_wconf 91' lang='lat' dir='ltr'>bonae</span> <span class='ocrx_word' id='word_1_125' title='bbox 475 2554 580 2639; x_wconf 87' lang='lat' dir='ltr'>paullo</span> <span class='ocrx_word' id='word_1_126' title='bbox 598 2554 669 2639; x_wconf 93' lang='lat' dir='ltr'>plns</span> <span class='ocrx_word' id='word_1_127' title='bbox 689 2556 764 2619; x_wconf 84' lang='lat' dir='ltr'>artis</span> <span class='ocrx_word' id='word_1_128' title='bbox 782 2554 938 2632; x_wconf 83' lang='lat' dir='ltr'>Athenae,</span> 
     </span>
    </p>

    <p class='ocr_par' dir='ltr' id='par_1_13' title="bbox 198 2648 978 2735">
     <span class='ocr_line' id='line_1_21' title="bbox 198 2648 978 2735; baseline 0.001 -23"><span class='ocrx_word' id='word_1_129' title='bbox 198 2648 316 2713; x_wconf 92' lang='lat' dir='ltr'>scilicet</span> <span class='ocrx_word' id='word_1_130' title='bbox 332 2658 368 2712; x_wconf 90' lang='lat' dir='ltr'>ut</span> <span class='ocrx_word' id='word_1_131' title='bbox 385 2670 512 2734; x_wconf 86' lang='lat' dir='ltr'>possem</span> <span class='ocrx_word' id='word_1_132' title='bbox 529 2671 625 2712; x_wconf 90' lang='lat' dir='ltr'>curvo</span> <span class='ocrx_word' id='word_1_133' title='bbox 644 2650 828 2735; x_wconf 88' lang='lat' dir='ltr'>dignoscere</span> <span class='ocrx_word' id='word_1_134' title='bbox 846 2659 978 2726; x_wconf 89' lang='lat' dir='ltr'>rectum,</span> 
     </span>
    </p>

    <p class='ocr_par' dir='ltr' id='par_1_14' title="bbox 198 2740 978 2827">
     <span class='ocr_line' id='line_1_22' title="bbox 198 2740 978 2827; baseline 0 -20"><span class='ocrx_word' id='word_1_135' title='bbox 198 2753 291 2826; x_wconf 90' lang='lat' dir='ltr'>atque</span> <span class='ocrx_word' id='word_1_136' title='bbox 308 2742 388 2805; x_wconf 92' lang='lat' dir='ltr'>inter</span> <span class='ocrx_word' id='word_1_137' title='bbox 406 2741 501 2805; x_wconf 91' lang='lat' dir='ltr'>silvas</span> <span class='ocrx_word' id='word_1_138' title='bbox 518 2740 674 2806; x_wconf 86' lang='lat' dir='ltr'>Academi</span> <span class='ocrx_word' id='word_1_139' title='bbox 692 2765 842 2827; x_wconf 90' lang='lat' dir='ltr'>quaerere</span> <span class='ocrx_word' id='word_1_140' title='bbox 860 2766 978 2807; x_wconf 91' lang='lat' dir='ltr'>verum.</span> 
     </span>
    </p>

    <p class='ocr_par' dir='ltr' id='par_1_15' title="bbox 198 2835 944 2922">
     <span class='ocr_line' id='line_1_23' title="bbox 198 2835 944 2922; baseline 0.001 -22"><span class='ocrx_word' id='word_1_141' title='bbox 198 2838 276 2900; x_wconf 91' lang='lat' dir='ltr'>dura</span> <span class='ocrx_word' id='word_1_142' title='bbox 294 2837 350 2901; x_wconf 89' lang='lat' dir='ltr'>scd</span> <span class='ocrx_word' id='word_1_143' title='bbox 369 2857 512 2899; x_wconf 91' lang='lat' dir='ltr'>emovere</span> <span class='ocrx_word' id='word_1_144' title='bbox 530 2835 599 2899; x_wconf 94' lang='lat' dir='ltr'>loco</span> <span class='ocrx_word' id='word_1_145' title='bbox 617 2858 668 2899; x_wconf 90' lang='lat' dir='ltr'>me</span> <span class='ocrx_word' id='word_1_146' title='bbox 686 2845 828 2921; x_wconf 91' lang='lat' dir='ltr'>tempora</span> <span class='ocrx_word' id='word_1_147' title='bbox 845 2847 944 2922; x_wconf 87' lang='lat' dir='ltr'>grato,</span> 
     </span>
    </p>

    <p class='ocr_par' dir='ltr' id='par_1_16' title="bbox 198 2928 947 3012">
     <span class='ocr_line' id='line_1_24' title="bbox 198 2928 947 3012; baseline 0 -19"><span class='ocrx_word' id='word_1_148' title='bbox 198 2929 360 3012; x_wconf 89' lang='lat' dir='ltr'>civilisque</span> <span class='ocrx_word' id='word_1_149' title='bbox 377 2929 487 2992; x_wconf 88' lang='lat' dir='ltr'>rudem</span> <span class='ocrx_word' id='word_1_150' title='bbox 504 2928 578 2993; x_wconf 91' lang='lat' dir='ltr'>belli</span> <span class='ocrx_word' id='word_1_151' title='bbox 596 2930 667 2993; x_wconf 89' lang='lat' dir='ltr'>tulit</span> <span class='ocrx_word' id='word_1_152' title='bbox 684 2940 790 2994; x_wconf 86' lang='lat' dir='ltr'>aestus</span> <span class='ocrx_word' id='word_1_153' title='bbox 809 2930 842 2993; x_wconf 93' lang='lat' dir='ltr'>in</span> <span class='ocrx_word' id='word_1_154' title='bbox 860 2953 947 2993; x_wconf 87' lang='lat' dir='ltr'>arma</span> 
     </span>
    </p>

    <p class='ocr_par' dir='ltr' id='par_1_17' title="bbox 199 3022 941 3107">
     <span class='ocr_line' id='line_1_25' title="bbox 199 3022 941 3107; baseline -0.001 -20"><span class='ocrx_word' id='word_1_155' title='bbox 199 3023 345 3087; x_wconf 85' lang='lat' dir='ltr'>Caesaris</span> <span class='ocrx_word' id='word_1_156' title='bbox 363 3022 504 3107; x_wconf 84' lang='lat' dir='ltr'>Augusti</span> <span class='ocrx_word' id='word_1_157' title='bbox 520 3046 584 3087; x_wconf 93' lang='lat' dir='ltr'>non</span> <span class='ocrx_word' id='word_1_158' title='bbox 601 3046 791 3107; x_wconf 88' lang='lat' dir='ltr'>responsura</span> <span class='ocrx_word' id='word_1_159' title='bbox 808 3022 941 3087; x_wconf 88' lang='lat' dir='ltr'>lacertis.</span> 
     </span>
    </p>

    <p class='ocr_par' dir='ltr' id='par_1_18' title="bbox 197 3114 945 3201">
     <span class='ocr_line' id='line_1_26' title="bbox 197 3114 945 3201; baseline -0.001 -22"><span class='ocrx_word' id='word_1_160' title='bbox 197 3116 282 3180; x_wconf 91' lang='lat' dir='ltr'>unde</span> <span class='ocrx_word' id='word_1_161' title='bbox 300 3116 392 3181; x_wconf 93' lang='lat' dir='ltr'>simul</span> <span class='ocrx_word' id='word_1_162' title='bbox 411 3116 547 3200; x_wconf 92' lang='lat' dir='ltr'>primum</span> <span class='ocrx_word' id='word_1_163' title='bbox 564 3139 614 3180; x_wconf 90' lang='lat' dir='ltr'>me</span> <span class='ocrx_word' id='word_1_164' title='bbox 633 3116 779 3180; x_wconf 89' lang='lat' dir='ltr'>dimisere</span> <span class='ocrx_word' id='word_1_165' title='bbox 797 3114 945 3201; x_wconf 92' lang='lat' dir='ltr'>Philippi,</span> 
     </span>
    </p>

    <p class='ocr_par' dir='ltr' id='par_1_19' title="bbox 198 3209 956 3295">
     <span class='ocr_line' id='line_1_27' title="bbox 198 3209 956 3295; baseline -0.001 -21"><span class='ocrx_word' id='word_1_166' title='bbox 198 3210 312 3274; x_wconf 90' lang='lat' dir='ltr'>decisis</span> <span class='ocrx_word' id='word_1_167' title='bbox 330 3209 480 3274; x_wconf 91' lang='lat' dir='ltr'>humilem</span> <span class='ocrx_word' id='word_1_168' title='bbox 498 3209 609 3295; x_wconf 90' lang='lat' dir='ltr'>pennis</span> <span class='ocrx_word' id='word_1_169' title='bbox 627 3210 816 3294; x_wconf 89' lang='lat' dir='ltr'>inopemque</span> <span class='ocrx_word' id='word_1_170' title='bbox 834 3210 956 3294; x_wconf 92' lang='lat' dir='ltr'>paterni</span> 
     </span>
    </p>

    <p class='ocr_par' dir='ltr' id='par_1_20' title="bbox 199 3303 937 3389">
     <span class='ocr_line' id='line_1_28' title="bbox 199 3303 937 3389; baseline 0 -23"><span class='ocrx_word' id='word_1_171' title='bbox 199 3314 230 3366; x_wconf 92' lang='lat' dir='ltr'>et</span> <span class='ocrx_word' id='word_1_172' title='bbox 247 3303 321 3367; x_wconf 89' lang='lat' dir='ltr'>laris</span> <span class='ocrx_word' id='word_1_173' title='bbox 336 3314 371 3367; x_wconf 88' lang='lat' dir='ltr'>et</span> <span class='ocrx_word' id='word_1_174' title='bbox 387 3303 478 3367; x_wconf 89' lang='lat' dir='ltr'>fundi</span> <span class='ocrx_word' id='word_1_175' title='bbox 494 3313 662 3389; x_wconf 86' lang='lat' dir='ltr'>paupertas</span> <span class='ocrx_word' id='word_1_176' title='bbox 681 3304 805 3388; x_wconf 88' lang='lat' dir='ltr'>impulit</span> <span class='ocrx_word' id='word_1_177' title='bbox 823 3303 937 3380; x_wconf 82' lang='lat' dir='ltr'>audax,</span> 
     </span>
    </p>

    <p class='ocr_par' dir='ltr' id='par_1_21' title="bbox 198 3395 1074 3576">
     <span class='ocr_line' id='line_1_29' title="bbox 198 3395 1074 3481; baseline 0.001 -23"><span class='ocrx_word' id='word_1_178' title='bbox 198 3406 235 3459; x_wconf 92' lang='lat' dir='ltr'>ut</span> <span class='ocrx_word' id='word_1_179' title='bbox 253 3418 363 3461; x_wconf 87' lang='lat' dir='ltr'>versus</span> <span class='ocrx_word' id='word_1_180' title='bbox 381 3397 527 3462; x_wconf 89' lang='lat' dir='ltr'>facerem.</span> <span class='ocrx_word' id='word_1_181' title='bbox 551 3399 608 3462; x_wconf 91' lang='lat' dir='ltr'>sed</span> <span class='ocrx_word' id='word_1_182' title='bbox 624 3398 710 3481; x_wconf 92' lang='lat' dir='ltr'>quod</span> <span class='ocrx_word' id='word_1_183' title='bbox 727 3421 791 3460; x_wconf 92' lang='lat' dir='ltr'>non</span> <span class='ocrx_word' id='word_1_184' title='bbox 808 3397 890 3461; x_wconf 90' lang='lat' dir='ltr'>desit</span> <span class='ocrx_word' id='word_1_185' title='bbox 907 3395 1074 3460; x_wconf 88' lang='lat' dir='ltr'>habentem</span> 
     </span>
     <span class='ocr_line' id='line_1_30' title="bbox 199 3491 1036 3576; baseline 0 -23"><span class='ocrx_word' id='word_1_186' title='bbox 199 3511 280 3572; x_wconf 88' lang='lat' dir='ltr'>quae</span> <span class='ocrx_word' id='word_1_187' title='bbox 297 3499 599 3574; x_wconf 84' lang='lat' dir='ltr'>poteumtunquam</span> <span class='ocrx_word' id='word_1_188' title='bbox 618 3492 693 3555; x_wconf 88' lang='lat' dir='ltr'>satis</span> <span class='ocrx_word' id='word_1_189' title='bbox 712 3512 888 3576; x_wconf 87' lang='lat' dir='ltr'>expurgare</span> <span class='ocrx_word' id='word_1_190' title='bbox 907 3491 1036 3566; x_wconf 87' lang='lat' dir='ltr'>cicutae,</span> 
     </span>
    </p>

    <p class='ocr_par' dir='ltr' id='par_1_22' title="bbox 198 3583 1054 3762">
     <span class='ocr_line' id='line_1_31' title="bbox 198 3583 1054 3670; baseline -0.001 -24"><span class='ocrx_word' id='word_1_191' title='bbox 198 3584 232 3646; x_wconf 92' lang='lat' dir='ltr'>ni</span> <span class='ocrx_word' id='word_1_192' title='bbox 249 3584 361 3647; x_wconf 89' lang='lat' dir='ltr'>melius</span> <span class='ocrx_word' id='word_1_193' title='bbox 379 3584 513 3648; x_wconf 88' lang='lat' dir='ltr'>dormire</span> <span class='ocrx_word' id='word_1_194' title='bbox 530 3595 638 3670; x_wconf 89' lang='lat' dir='ltr'>putem</span> <span class='ocrx_word' id='word_1_195' title='bbox 656 3601 751 3667; x_wconf 88' lang='lat' dir='ltr'>quarn</span> <span class='ocrx_word' id='word_1_196' title='bbox 770 3584 906 3649; x_wconf 88' lang='lat' dir='ltr'>seribere</span> <span class='ocrx_word' id='word_1_197' title='bbox 924 3583 1054 3648; x_wconf 87' lang='lat' dir='ltr'>versus?</span> 
     </span>
     <span class='ocr_line' id='line_1_32' title="bbox 200 3676 930 3762; baseline 0.003 -22"><span class='ocrx_word' id='word_1_198' title='bbox 200 3676 325 3761; x_wconf 89' lang='lat' dir='ltr'>singula</span> <span class='ocrx_word' id='word_1_199' title='bbox 342 3677 381 3740; x_wconf 90' lang='lat' dir='ltr'>de</span> <span class='ocrx_word' id='word_1_200' title='bbox 399 3677 489 3741; x_wconf 92' lang='lat' dir='ltr'>nobis</span> <span class='ocrx_word' id='word_1_201' title='bbox 508 3678 581 3741; x_wconf 89' lang='lat' dir='ltr'>anni</span> <span class='ocrx_word' id='word_1_202' title='bbox 598 3679 788 3762; x_wconf 89' lang='lat' dir='ltr'>praedantur</span> <span class='ocrx_word' id='word_1_203' title='bbox 805 3688 930 3754; x_wconf 84' lang='lat' dir='ltr'>euntes3</span> 
     </span>
    </p>

    <p class='ocr_par' dir='ltr' id='par_1_23' title="bbox 199 3770 968 3854">
     <span class='ocr_line' id='line_1_33' title="bbox 199 3770 968 3854; baseline 0.003 -21"><span class='ocrx_word' id='word_1_204' title='bbox 199 3770 340 3854; x_wconf 90' lang='lat' dir='ltr'>eripuere</span> <span class='ocrx_word' id='word_1_205' title='bbox 357 3771 457 3847; x_wconf 92' lang='lat' dir='ltr'>iocos,</span> <span class='ocrx_word' id='word_1_206' title='bbox 477 3771 647 3849; x_wconf 90' lang='lat' dir='ltr'>Venerem,</span> <span class='ocrx_word' id='word_1_207' title='bbox 667 3772 826 3849; x_wconf 88' lang='lat' dir='ltr'>convivia,</span> <span class='ocrx_word' id='word_1_208' title='bbox 845 3772 968 3847; x_wconf 83' lang='lat' dir='ltr'>ludum3</span> 
     </span>
    </p>

    <p class='ocr_par' dir='ltr' id='par_1_24' title="bbox 198 3864 1032 4137">
     <span class='ocr_line' id='line_1_34' title="bbox 198 3864 1018 3951; baseline 0 -24"><span class='ocrx_word' id='word_1_209' title='bbox 198 3864 331 3927; x_wconf 91' lang='lat' dir='ltr'>tendunt</span> <span class='ocrx_word' id='word_1_210' title='bbox 348 3874 531 3949; x_wconf 83' lang='lat' dir='ltr'>extorquere</span> <span class='ocrx_word' id='word_1_211' title='bbox 548 3876 706 3951; x_wconf 87' lang='lat' dir='ltr'>poemata:</span> <span class='ocrx_word' id='word_1_212' title='bbox 725 3867 800 3949; x_wconf 91' lang='lat' dir='ltr'>quid</span> <span class='ocrx_word' id='word_1_213' title='bbox 818 3866 933 3931; x_wconf 84' lang='lat' dir='ltr'>faciam</span> <span class='ocrx_word' id='word_1_214' title='bbox 951 3866 1018 3929; x_wconf 89' lang='lat' dir='ltr'>vis?</span> 
     </span>
     <span class='ocr_line' id='line_1_35' title="bbox 199 3956 1032 4041; baseline -0.001 -20"><span class='ocrx_word' id='word_1_215' title='bbox 199 3956 334 4040; x_wconf 91' lang='lat' dir='ltr'>denique</span> <span class='ocrx_word' id='word_1_216' title='bbox 351 3980 414 4023; x_wconf 90' lang='lat' dir='ltr'>non</span> <span class='ocrx_word' id='word_1_217' title='bbox 432 3981 540 4024; x_wconf 91' lang='lat' dir='ltr'>omnes</span> <span class='ocrx_word' id='word_1_218' title='bbox 559 3960 667 4023; x_wconf 91' lang='lat' dir='ltr'>eadem</span> <span class='ocrx_word' id='word_1_219' title='bbox 687 3959 838 4023; x_wconf 86' lang='lat' dir='ltr'>mirantur</span> <span class='ocrx_word' id='word_1_220' title='bbox 855 3968 1032 4041; x_wconf 90' lang='lat' dir='ltr'>amantque.</span> 
     </span>
     <span class='ocr_line' id='line_1_36' title="bbox 199 4051 942 4137; baseline 0.004 -25"><span class='ocrx_word' id='word_1_221' title='bbox 199 4051 336 4114; x_wconf 87' lang='lat' dir='ltr'>carmine</span> <span class='ocrx_word' id='word_1_222' title='bbox 354 4061 389 4115; x_wconf 90' lang='lat' dir='ltr'>tu</span> <span class='ocrx_word' id='word_1_223' title='bbox 405 4053 541 4137; x_wconf 87' lang='lat' dir='ltr'>gaudes,</span> <span class='ocrx_word' id='word_1_224' title='bbox 560 4052 612 4116; x_wconf 93' lang='lat' dir='ltr'>hic</span> <span class='ocrx_word' id='word_1_225' title='bbox 630 4053 802 4117; x_wconf 88' lang='lat' dir='ltr'>delectatur</span> <span class='ocrx_word' id='word_1_226' title='bbox 818 4051 942 4128; x_wconf 87' lang='lat' dir='ltr'>iambis,</span> 
     </span>
    </p>

    <p class='ocr_par' dir='ltr' id='par_1_25' title="bbox 199 4144 864 4231">
     <span class='ocr_line' id='line_1_37' title="bbox 199 4144 864 4231; baseline 0.003 -24"><span class='ocrx_word' id='word_1_227' title='bbox 199 4144 251 4208; x_wconf 90' lang='lat' dir='ltr'>ille</span> <span class='ocrx_word' id='word_1_228' title='bbox 268 4144 398 4209; x_wconf 91' lang='lat' dir='ltr'>Bioneis</span> <span class='ocrx_word' id='word_1_229' title='bbox 417 4146 613 4211; x_wconf 86' lang='lat' dir='ltr'>sermonibus</span> <span class='ocrx_word' id='word_1_230' title='bbox 632 4157 663 4211; x_wconf 90' lang='lat' dir='ltr'>et</span> <span class='ocrx_word' id='word_1_231' title='bbox 681 4146 747 4210; x_wconf 85' lang='lat' dir='ltr'>sale</span> <span class='ocrx_word' id='word_1_232' title='bbox 763 4147 864 4231; x_wconf 88' lang='lat' dir='ltr'>nigro.</span> 
     </span>
    </p>

    <p class='ocr_par' dir='ltr' id='par_1_26' title="bbox 199 4239 997 4419">
     <span class='ocr_line' id='line_1_38' title="bbox 199 4239 997 4326; baseline 0 -25"><span class='ocrx_word' id='word_1_233' title='bbox 199 4248 263 4303; x_wconf 91' lang='lat' dir='ltr'>tres</span> <span class='ocrx_word' id='word_1_234' title='bbox 281 4239 358 4302; x_wconf 91' lang='lat' dir='ltr'>mihi</span> <span class='ocrx_word' id='word_1_235' title='bbox 376 4239 526 4305; x_wconf 86' lang='lat' dir='ltr'>convivae</span> <span class='ocrx_word' id='word_1_236' title='bbox 543 4262 641 4326; x_wconf 92' lang='lat' dir='ltr'>prope</span> <span class='ocrx_word' id='word_1_237' title='bbox 659 4239 824 4304; x_wconf 89' lang='lat' dir='ltr'>dissentire</span> <span class='ocrx_word' id='word_1_238' title='bbox 842 4239 997 4313; x_wconf 89' lang='lat' dir='ltr'>videntur,</span> 
     </span>
     <span class='ocr_line' id='line_1_39' title="bbox 199 4333 953 4419; baseline 0.001 -21"><span class='ocrx_word' id='word_1_239' title='bbox 199 4343 365 4418; x_wconf 89' lang='lat' dir='ltr'>poscentes</span> <span class='ocrx_word' id='word_1_240' title='bbox 383 4335 469 4399; x_wconf 85' lang='lat' dir='ltr'>vario</span> <span class='ocrx_word' id='word_1_241' title='bbox 486 4337 619 4399; x_wconf 89' lang='lat' dir='ltr'>multum</span> <span class='ocrx_word' id='word_1_242' title='bbox 638 4336 761 4399; x_wconf 87' lang='lat' dir='ltr'>diversa</span> <span class='ocrx_word' id='word_1_243' title='bbox 777 4333 892 4419; x_wconf 88' lang='lat' dir='ltr'>palato.</span> <span class='ocrx_word' id='word_1_244' title='bbox 948 4382 953 4390; x_wconf 84' lang='lat'>-</span> 
     </span>
    </p>

    <p class='ocr_par' dir='ltr' id='par_1_27' title="bbox 200 4423 1177 4512">
     <span class='ocr_line' id='line_1_40' title="bbox 200 4423 1177 4512; baseline -0.003 -22"><span class='ocrx_word' id='word_1_245' title='bbox 200 4426 276 4510; x_wconf 91' lang='lat' dir='ltr'>quid</span> <span class='ocrx_word' id='word_1_246' title='bbox 294 4427 385 4491; x_wconf 85' lang='lat' dir='ltr'>dem?</span> <span class='ocrx_word' id='word_1_247' title='bbox 402 4428 479 4511; x_wconf 91' lang='lat' dir='ltr'>quid</span> <span class='ocrx_word' id='word_1_248' title='bbox 496 4451 560 4493; x_wconf 91' lang='lat' dir='ltr'>non</span> <span class='ocrx_word' id='word_1_249' title='bbox 578 4428 670 4493; x_wconf 83' lang='lat' dir='ltr'>dem?</span> <span class='ocrx_word' id='word_1_250' title='bbox 686 4428 792 4493; x_wconf 90' lang='lat' dir='ltr'>renuis</span> <span class='ocrx_word' id='word_1_251' title='bbox 811 4437 860 4506; x_wconf 91' lang='lat' dir='ltr'>tu,</span> <span class='ocrx_word' id='word_1_252' title='bbox 879 4426 964 4512; x_wconf 92' lang='lat' dir='ltr'>quod</span> <span class='ocrx_word' id='word_1_253' title='bbox 982 4424 1069 4491; x_wconf 91' lang='lat' dir='ltr'>iubet</span> <span class='ocrx_word' id='word_1_254' title='bbox 1086 4423 1177 4500; x_wconf 87' lang='lat' dir='ltr'>alter3</span> 
     </span>
    </p>
   </div>
   <div class='ocr_carea' id='block_1_3' title="bbox 0 0 1628 5442">
    <p class='ocr_par' dir='ltr' id='par_1_28' title="bbox 0 0 1628 5442">
     <span class='ocr_line' id='line_1_41' title="bbox 0 0 1628 5442; baseline 0 0"><span class='ocrx_word' id='word_1_255' title='bbox 0 0 1628 5442; x_wconf 95' lang='lat' dir='ltr'> </span> 
     </span>
    </p>
   </div>
  </div>
 </body>
</html>
