3225 5442
714 682 749 747 Q.
763 678 929 738 HORATII
941 679 1084 736 FLAOCI

512 864 622 905 aurum
639 861 696 925 per
712 838 832 903 medios
850 838 895 902 ire
913 838 1062 902 satellites

513 944 544 998 et
561 955 760 1018 perrumpere
779 941 864 996 amat
881 955 959 996 saxa
976 932 1136 1017 potentius

554 1028 619 1092 ictu
636 1027 796 1091 fulmineo.
816 1026 950 1090 concidit
968 1027 1097 1112 auguris

595 1119 709 1206 Argivi
726 1120 838 1184 domus
857 1118 897 1184 ob
915 1120 1037 1183 lucrum

512 1258 655 1321 demersa
672 1256 766 1320 exitio
772 1280 781 1334 3
800 1255 915 1320 diffidit
932 1255 1057 1320 urbium

510 1362 617 1437 portas
635 1351 683 1414 vir
699 1349 836 1414 Macedo
855 1359 886 1414 et
904 1350 1026 1415 subruit
1042 1350 1187 1416 aemulos
1219 1350 1223 1359 “

553 1467 643 1530 reges
661 1443 858 1520 muneribus3
876 1465 1006 1508 munera
1022 1444 1152 1508 navium

597 1560 708 1601 saevos
727 1536 897 1620 illaqueant
915 1538 1021 1603 duces.

511 1676 701 1731 crescentem
720 1666 860 1748 sequitur
878 1688 952 1729 eura
968 1666 1134 1750 pecuniam

512 1762 726 1842 maiorumque
744 1759 855 1824 sames.
874 1758 940 1822 iure
957 1759 1122 1844 perhorrui

554 1854 616 1917 late
634 1852 837 1936 conspicuum
855 1851 962 1916 tollere
979 1853 1140 1929 verticem,

597 1946 783 2023 Maecenas,
803 1945 943 2029 equitum
959 1946 1067 2011 decus.

511 2087 628 2158 quanto
646 2074 777 2157 quisque
796 2073 857 2138 sibi
874 2074 964 2159 plura
981 2075 1154 2160 negaverit,

512 2169 551 2234 ab
569 2170 618 2233 dis
636 2169 726 2253 plura
743 2168 832 2232 feret.
851 2168 895 2231 nil
913 2168 1103 2253 cupientium

553 2264 656 2327 nudus
675 2272 778 2327 eastra
794 2272 868 2347 peto
886 2271 917 2326 et
934 2262 1099 2349 transfuga
1114 2263 1248 2327 divitum

596 2367 701 2442 partes
718 2357 859 2439 linquere
876 2356 987 2442 gestio,

512 2495 685 2550 contemtae
704 2485 850 2549 dominus
870 2484 1060 2568 splendidior
1075 2485 1131 2561 rei,

511 2603 605 2666 quam
624 2580 651 2644 si
669 2579 821 2662 quidquid
839 2588 908 2642 arat
923 2579 1057 2664 impiger
1073 2576 1201 2663 Apulus

553 2673 709 2737 occultare
726 2672 805 2737 meis
824 2673 943 2737 dicerer
958 2672 1088 2749 horreis,

596 2791 727 2853 magnas
744 2767 826 2831 inter
843 2790 918 2853 opes
936 2767 1038 2852 inops.

511 2917 608 2979 purae
625 2894 711 2959 rivus
730 2916 830 2977 aquae
849 2894 990 2977 silvaque
1007 2895 1154 2980 iugerum

510 3010 681 3073 paucorum
699 2998 730 3052 et
748 2985 864 3073 segetis
883 2997 968 3052 certa
984 2988 1063 3053 fides
1080 3010 1171 3052 meae

553 3082 728 3167 fulgentem
744 3081 875 3166 imperio
893 3082 1004 3146 fertilis
1022 3081 1153 3146 Africae

596 3176 677 3239 fallit
695 3186 777 3240 sorte
796 3175 925 3240 beatior.

509 3327 699 3388 quamquam
718 3327 776 3368 nec
795 3303 951 3369 Calabrae
968 3304 1063 3369 mella
1079 3304 1185 3368 fenmt
1203 3325 1286 3388 apes,

509 3420 567 3462 neo
584 3398 817 3483 Laestrygonia
833 3398 980 3462 Bacchus
998 3399 1031 3461 in
1049 3398 1202 3481 amphora

551 3492 725 3577 languescit
743 3492 820 3554 mihi
837 3514 895 3556 nec
912 3492 1042 3578 pinguia
1060 3488 1192 3557 Gallicis
1268 3559 1270 3563 ,

594 3595 737 3648 crescunt
754 3585 870 3649 vellera
887 3586 1024 3670 pascuis,

507 3713 685 3797 importuna
703 3722 808 3777 tamen
825 3714 990 3798 pauperies
1010 3713 1107 3791 abest,

508 3829 580 3884 nec,
600 3807 628 3871 si
644 3806 735 3891 plura
752 3807 860 3884 velim,
880 3808 1007 3872 tudere
1025 3808 1172 3893 deneges.

553 3909 712 3965 contracto
730 3901 842 3966 melius
861 3924 960 3985 parva
977 3900 1122 3986 cupidine

595 3994 762 4080 vectigalia
778 3995 947 4080 porrigam,

508 4145 604 4204 quarn
622 4123 650 4186 si
666 4122 851 4207 Mygdoniis
869 4145 1002 4207 regnum
1020 4120 1162 4207 Alyattei

507 4216 625 4299 campis
645 4217 833 4279 continuem.
853 4216 951 4279 multa
968 4213 1146 4300 petentibus

549 4310 663 4372 desunt
680 4310 787 4372 multa.
806 4308 888 4373 bene
906 4318 966 4386 est,
986 4309 1037 4373 cui
1055 4310 1132 4372 deus
1152 4305 1264 4371 obtulit

591 4423 699 4485 parca,
718 4402 803 4485 quod
822 4403 897 4468 satis
916 4413 979 4481 est,
998 4425 1102 4467 mauu.
