3225 5442
310 688 372 750 14⁴
637 699 672 762 Q.
687 696 851 752 nouam
862 697 1011 753 mccl

306 857 357 919 bic
374 856 483 930 daban
502 855 633 920 heredes
651 873 888 918 mouumentum
905 878 948 918 ue
966 869 1164 939 sequeretur.

306 972 389 1012 nunc
407 950 477 1013 licet
495 948 647 1031 Esquiliis
665 947 807 1011 babitare
824 947 1023 1025 salubribus,
1042 961 1141 1034 atque

258 1066 288 1111 15
305 1065 422 1128 aggere
439 1043 471 1104 in
489 1043 595 1126 aprico
612 1042 754 1125 spatiari,
771 1062 836 1123 quo
852 1042 950 1105 modo
967 1043 1079 1107 tristes

305 1137 385 1199 albis
403 1136 571 1198 informem
589 1133 773 1218 spectabant
792 1120 920 1197 ossibus
938 1158 1075 1220 agrum;

305 1252 403 1312 quum
420 1229 496 1291 mibi
514 1251 577 1291 non
594 1247 715 1292 tantum
733 1228 882 1309 suesque
899 1228 1071 1311 feraeque,
1091 1238 1200 1296 sr'ietae

304 1324 388 1386 hunc
410 1345 524 1385 vexare
541 1322 660 1397 locum,
678 1344 772 1384 curae
790 1331 864 1385 sunt
880 1332 977 1403 atque
993 1323 1113 1401 labori,

304 1435 456 1499 quantum
474 1417 662 1479 carminibus
679 1437 760 1498 quae
778 1427 905 1477 versant
921 1425 1020 1498 atque
1040 1421 1175 1483 venenis

254 1531 288 1578 20
304 1512 458 1574 humanos
475 1511 606 1573 animos.
624 1509 683 1572 has
700 1508 786 1572 nullo
803 1509 934 1592 perdere
951 1532 1092 1593 possum

305 1628 363 1668 nec
380 1603 545 1688 prohibere
563 1604 671 1679 modo,
690 1602 783 1665 simul
800 1624 839 1666 ac
855 1626 939 1689 ruga
955 1603 1036 1668 luna
1054 1607 1209 1670 decorum

304 1698 433 1783 protulit
451 1720 502 1773 os,
520 1698 597 1779 quin
614 1720 688 1761 ossa
705 1697 812 1781 legant
829 1696 1011 1779 herbasque
1026 1711 1195 1765 nocentes.

305 1792 368 1854 ridi
384 1792 511 1875 ¹egomet
529 1791 620 1875 nigra
637 1791 829 1853 succinctam
844 1790 961 1853 radere
977 1791 1069 1875 palla

305 1884 471 1949 Canidiam
488 1883 622 1967 pedibus
639 1883 732 1946 nudis
750 1904 908 1966 passoque
925 1885 1043 1968 capillo

254 2001 287 2047 25
305 2001 377 2042 cum
396 1975 524 2063 Sagana
542 1977 657 2040 maiore
675 1976 862 2053 ululantem3
878 1977 981 2061 pallor
997 1991 1158 2064 utrasque
1194 2028 1200 2035 -

304 2073 421 2136 fecerat
438 2071 610 2135 horrendas
628 2071 789 2155 adspectu.
808 2071 948 2155 scalpere
966 2082 1090 2138 terram

303 2166 462 2252 unguibus
480 2177 512 2229 et
527 2165 647 2250 pullam
663 2165 811 2229 divellere
828 2165 987 2231 mordicus
1005 2191 1130 2254 agnam

305 2272 487 2345 coeperunt3
506 2282 597 2324 cmor
613 2260 646 2322 in
664 2259 783 2323 fossam
801 2259 967 2336 confusus,
986 2272 1024 2324 ut
1040 2262 1121 2327 inde

303 2355 417 2420 Manes
436 2355 595 2431 elicerent,
614 2355 735 2419 animas
752 2378 906 2440 responsa
922 2356 1062 2421 datm-as.

199 2439 204 2448 ’
253 2469 286 2516 30
303 2450 394 2514 lanea
411 2460 442 2513 et
459 2449 581 2535 effigies
599 2459 679 2526 erat,
698 2448 796 2513 altera
813 2471 917 2526 cerea;
934 2451 1038 2514 maior

303 2544 409 2621 lanea,
428 2565 508 2626 qnae
525 2543 635 2627 poenis
653 2553 866 2628 compesceret
881 2543 1079 2622 inferiorem

304 2660 394 2702 ceren
411 2636 593 2722 suppliciter
610 2636 714 2701 stabat
731 2637 897 2702 servilibus
914 2649 1012 2721 utque

303 2733 366 2795 iam
383 2732 520 2816 peritura
537 2732 648 2795 modis.
667 2731 812 2795 Hecaten
829 2741 921 2796 roeat
937 2732 1051 2810 altera,
1071 2756 1204 2819 saevam

304 2825 400 2889 altera
418 2825 628 2910 Tisiphonen3
646 2835 806 2909 serpentes
825 2837 918 2910 atque
935 2826 1061 2892 rideres

254 2939 286 2986 35
304 2920 441 2983 infernas
459 2941 561 2983 errare
579 2942 687 2997 canes,
705 2919 874 3002 lunamque
892 2920 1068 2999 rubentem,

304 3038 343 3077 no
361 3015 442 3078 soret
458 3014 508 3078 his
527 3014 629 3090 testis,
648 3022 721 3098 post
737 3036 854 3099 magua
870 3014 966 3078 latere
984 3016 1144 3100 sepulcra.

303 3109 436 3172 mentior
453 3118 486 3171 at
503 3108 530 3172 si
548 3108 637 3190 quid,
656 3109 772 3171 merdis
790 3119 884 3193 caput
900 3109 1047 3191 inquiner
1064 3110 1149 3175 albis

304 3224 481 3278 corvorum,
501 3212 594 3283 atque
613 3202 645 3263 in
662 3224 713 3265 me
730 3202 837 3265 veniat
853 3203 982 3265 mictum
1000 3212 1096 3287 atque
1115 3217 1258 3270 cacatum

305 3295 402 3358 lulius
422 3306 452 3358 et
470 3295 590 3380 fragilis
608 3294 751 3359 Pediatia
768 3297 882 3379 furque
900 3295 1056 3361 Vorenus.

252 3411 285 3456 40
304 3388 428 3473 singula
446 3389 522 3472 quid
539 3389 728 3452 memorem?
745 3412 808 3471 quo
826 3399 918 3474 pacto
936 3389 1056 3453 alterna
1074 3390 1240 3474 loquentes

303 3482 431 3545 umbrae
450 3505 521 3545 cum
541 3480 669 3567 Sagana
686 3484 859 3547 resonarint
876 3484 963 3547 triste
981 3492 1013 3547 et
1029 3494 1171 3562 acutum,

303 3585 398 3657 utque
416 3574 482 3658 lupi
499 3575 630 3640 barbam
648 3578 751 3641 variae
770 3599 842 3641 cum
859 3579 951 3641 dente
969 3577 1118 3643 colubrae
1149 3569 1157 3582 '

303 3666 478 3731 abdiderint
495 3669 602 3733 furtim
620 3671 723 3748 terris,
743 3682 774 3735 et
790 3672 927 3757 imagine
946 3693 1036 3735 cerea

302 3762 418 3847 largior
435 3763 544 3826 arserit
561 3764 658 3848 ignis,
677 3775 708 3828 et
725 3775 760 3828 ut
777 3788 841 3829 non
858 3765 947 3830 testis
964 3765 1083 3830 inultus

252 3878 285 3925 45
303 3857 459 3921 obruerim
477 3879 570 3922 voces
588 3858 755 3922 Furiarum
773 3868 803 3923 et
821 3859 905 3924 sacta
923 3860 1064 3924 duarum.

302 3974 389 4026 narn,
409 3949 549 4034 displosa
567 3963 657 4016 sonat
674 3962 826 4034 quantum
843 3953 963 4030 vesica,
982 3955 1097 4038 pepedi

303 4046 425 4109 diffissa
443 4055 514 4108 nate
532 4046 625 4123 fious;
644 4056 677 4110 at
693 4046 765 4111 illae
783 4069 906 4112 currere
923 4049 957 4111 in
974 4051 1094 4112 urbem.

304 4139 455 4205 Canidiae
474 4139 597 4215 dentes,
616 4140 714 4204 altum
733 4139 880 4227 Saganae
898 4143 1090 4207 caliendrum
1173 4186 1177 4194 -

302 4235 445 4298 excidere
464 4243 557 4316 atque
574 4234 687 4299 herbas
706 4246 799 4319 atque
817 4237 975 4301 incantata
991 4237 1116 4314 lacertis

252 4345 284 4391 oo
304 4328 427 4391 vincula
444 4349 515 4390 cum
533 4350 647 4412 magno
665 4329 792 4413 risuque
810 4332 942 4413 iocoque
960 4331 1092 4395 videres.
