3225 5442
304 667 366 733 108
633 672 1000 741 emundantem
1083 687 1086 691 “

432 833 519 899 iubet
537 855 704 918 cupressus
722 832 870 898 funebres

390 941 421 993 ct
438 937 533 993 uncta
550 927 648 1012 tmpis
667 950 728 992 ova
744 950 838 991 ranae
857 927 1013 1013 sanguine

432 1021 634 1107 plumamque
652 1029 823 1085 nocturnae
841 1020 947 1107 strigis

388 1117 577 1198 herbasque,
596 1138 675 1200 quas
692 1115 796 1180 Iolcos
815 1124 909 1199 atque
925 1115 1034 1180 Iberia

432 1210 526 1273 mittit
542 1231 734 1273 venenorum
750 1209 849 1286 ferax,

390 1315 421 1370 et
438 1327 512 1370 ossa
529 1303 568 1367 ab
587 1325 640 1368 ore
657 1313 747 1388 rapta
763 1303 886 1369 ieiunae
904 1304 991 1369 canis

432 1397 566 1461 flammis
584 1397 673 1461 aduri
693 1396 861 1462 Colchicis.

390 1503 421 1556 at
440 1491 586 1577 expedita
605 1488 733 1576 Sagana
750 1513 807 1575 per
824 1500 922 1555 totam
938 1491 1071 1555 domum

433 1606 584 1670 spargens
603 1582 779 1648 Avernales
797 1606 896 1668 aquas

389 1681 494 1744 horret
512 1678 632 1764 capillis
650 1690 686 1741 ut
702 1678 842 1743 marinus
861 1677 981 1763 asperis

432 1772 562 1837 echinus
578 1781 635 1835 aut
652 1793 779 1836 currens
798 1794 882 1856 aper.

391 1867 503 1931 abacta
519 1866 606 1930 nulla
623 1864 704 1930 Veia
722 1866 914 1931 conscientia

431 1960 589 2046 ligonibus
608 1959 695 2024 duris
713 1960 845 2025 humum

390 2053 594 2117 exhauriebat
611 2053 774 2139 ingemens
792 2052 962 2131 laboribus,

433 2171 494 2232 quo
511 2157 620 2233 posset
636 2148 776 2214 infossus
794 2170 872 2233 puer

390 2244 486 2329 longo
504 2243 554 2306 die
572 2242 622 2307 bis
640 2252 748 2325 terque
766 2252 904 2308 mutatae
921 2243 1013 2328 dapis

433 2336 564 2400 inemori
582 2336 769 2421 spectaculo,

391 2451 462 2492 cum
480 2428 668 2514 promineret
686 2451 753 2506 ore,
771 2437 923 2512 quantum
942 2438 1067 2494 exstant
1085 2453 1168 2514 aqua

434 2545 588 2607 suspensa
605 2531 710 2588 mento
727 2545 871 2608 corpora:

392 2626 504 2680 exusta
520 2616 567 2680 uti
583 2616 721 2680 medulla
740 2625 771 2680 et
788 2616 910 2680 aridum
927 2616 1013 2681 iecur

434 2712 547 2775 amoris
566 2721 650 2776 esset
666 2711 824 2796 poculum,

391 2806 588 2870 interminato
606 2828 679 2870 cum
697 2806 794 2869 semel
811 2806 893 2871 fixae
912 2805 982 2872 cibo

433 2898 640 2963 intabuissent
656 2899 803 2984 pupulas.

340 3051 344 3059 .
391 3015 454 3057 non
471 2992 610 3057 defuisse
627 2993 785 3058 masculae
802 2993 940 3058 libidinis

434 3085 667 3150 Ariminensem
685 3086 809 3151 Foliam

392 3189 423 3243 et
441 3180 541 3243 otiosa
559 3180 689 3244 credidit
706 3180 854 3265 Neapolis

434 3282 465 3337 et
482 3295 574 3337 omne
592 3273 728 3339 vicinum
746 3274 905 3359 oppidum,

392 3389 473 3449 quae
492 3368 594 3432 sidera
611 3377 776 3431 excantata
793 3390 870 3433 voce
888 3368 1044 3432 Thessala

433 3461 602 3542 lunamque
620 3462 706 3525 caelo
724 3462 846 3547 deripit.

392 3554 443 3617 hic
459 3553 641 3617 inresectum
660 3578 755 3619 saeva
772 3556 866 3619 dente
883 3554 979 3619 livido

437 3645 571 3710 Canidia
588 3648 702 3711 rodens
720 3648 865 3733 pollicem

392 3740 467 3823 quid
485 3740 563 3804 dixit
581 3750 634 3805 aut
652 3743 727 3824 quid
745 3743 859 3807 tacuit?
879 3765 917 3822 „o
935 3742 1029 3807 rebus
1048 3743 1127 3808 meis

436 3857 500 3898 non
517 3833 659 3899 infideles
677 3836 822 3913 arbitres,

392 3927 478 4005 Nox,
497 3937 529 3992 et
545 3927 665 4006 Diana,
685 3951 765 4012 quae
784 3929 943 3995 silentium
960 3929 1055 4015 regis,

435 4043 549 4086 arcana
566 4044 639 4086 cum
656 4024 735 4087 fiunt
753 4046 852 4099 sacra,

393 4140 476 4182 nunc
493 4139 575 4182 nunc
593 4118 714 4182 adestel
737 4140 821 4183 nunc
838 4119 872 4182 in
888 4118 1018 4183 hostiles
1036 4117 1147 4182 domos

435 4211 514 4275 iram
531 4221 624 4294 atque
642 4234 759 4276 numen
777 4212 902 4277 vertitel

393 4304 602 4369 formidolosis
620 4306 696 4368 dum
713 4305 810 4371 latent
827 4305 914 4371 silvis
933 4305 1019 4370 ferae

437 4397 520 4461 dulci
538 4420 649 4482 sopore
666 4398 842 4484 languidae,
