3225 5442
639 694 673 760 Q.
687 693 855 752 HORA'l'lI
868 691 1019 752 unacc1

656 898 906 961 EPISTOLA
929 901 999 962 111.

599 1026 653 1076 nn
676 1026 831 1077 runruu
852 1027 1055 1081 rnonuu.

306 1140 368 1205 Iuli
385 1139 491 1214 Flore,
510 1136 625 1221 quibus
644 1146 796 1200 terrarum
814 1136 927 1201 militet
948 1138 1017 1203 oris

307 1232 460 1298 Claudius
478 1229 619 1316 Augusti
636 1230 815 1315 pritignus‚
834 1229 915 1294 scire
932 1231 1059 1298 laboro.

306 1327 469 1390 Thracane
488 1347 545 1389 vos
563 1323 756 1407 Hebrusque
773 1322 870 1387 nivali
888 1327 1049 1409 compede
1066 1327 1202 1405 vinctus,

305 1444 346 1483 an
363 1420 444 1483 freta
461 1417 580 1482 vicinas
598 1416 679 1481 inter
696 1417 852 1482 currentia
870 1426 987 1496 turres,

272 1538 287 1583 s
305 1537 346 1579 an
362 1514 496 1599 pingues
514 1511 614 1576 Asiae
631 1510 734 1596 campi
751 1510 910 1594 collesque
928 1516 1119 1580 morantur?

305 1606 382 1692 quid
399 1605 541 1670 studiosa
558 1605 670 1670 cohors
689 1626 819 1689 operum
838 1605 949 1669 struit?
967 1606 1034 1672 hoc
1052 1630 1182 1693 quoque
1199 1633 1272 1676 curo.

305 1701 376 1783 quis
395 1698 456 1764 sibi
472 1721 523 1763 res
541 1709 648 1785 gestas
666 1697 808 1785 Augusti
826 1698 963 1764 scribere
983 1702 1106 1766 sumit?

306 1794 389 1860 bella
406 1794 477 1877 quis
495 1803 527 1858 ct
543 1815 638 1877 paces
656 1793 787 1879 longum
805 1792 954 1857 diffundit
971 1794 1009 1858 in
1028 1798 1167 1861 aevum?

306 1890 382 1973 quid
401 1889 519 1965 Titius,
539 1888 683 1953 Romana
700 1887 788 1952 brevi
804 1897 955 1967 venturus
973 1889 1012 1953 in
1030 1913 1098 1969 ora,

257 2003 288 2051 ιο
307 1983 468 2047 Pindarici
486 1982 581 2047 fontis
599 1982 735 2066 quinon
753 1981 902 2067 expalluit
920 1982 1071 2063 haustus,

306 2078 447 2143 fastidire
464 2077 552 2142 lacus
571 2086 602 2140 et
620 2078 704 2141 rivos
722 2099 819 2141 ausus
837 2077 982 2161 apertos?

305 2182 341 2234 ut
358 2170 459 2236 valet?
475 2179 510 2233 ut
527 2170 668 2234 meminit
685 2170 802 2235 nostri?
819 2170 976 2236 fidibusne
994 2172 1129 2239 Latinis

308 2264 478 2329 Thebanos
496 2273 603 2349 aptare
621 2264 732 2330 modos
751 2266 856 2329 studet
872 2265 1002 2349 auspice
1022 2266 1137 2346 Musa,

307 2383 348 2423 an
366 2360 484 2445 tragica
502 2359 643 2423 desaevit
661 2368 693 2423 et
709 2358 898 2444 ampullatur
914 2358 946 2422 in
966 2362 1058 2425 arte?

257 2474 289 2520 15
306 2453 381 2536 quid
400 2453 478 2516 milri
496 2452 610 2518 Celsus
629 2453 714 2539 agit?
730 2454 867 2518 monitus
886 2453 1090 2539 multumque
1109 2457 1289 2534 monendus,

306 2546 444 2631 privatas
462 2556 497 2610 ut
514 2557 644 2629 quaerat
661 2569 737 2631 opes
755 2557 788 2611 et
804 2556 932 2633 tangere
951 2549 1032 2612 vitet

307 2639 435 2724 scripta,
454 2639 618 2705 Palatinus
637 2661 854 2723 quaecumque
871 2642 989 2725 recepit
1006 2641 1149 2727 Apoll03

306 2756 345 2796 ne
364 2733 391 2798 si
409 2733 489 2798 forte
509 2756 582 2798 suas
600 2733 768 2819 repetitum
784 2734 904 2798 venerit
922 2734 997 2798 olim

305 2850 383 2913 grex
401 2828 507 2891 atium
524 2828 662 2913 plumas,
683 2838 806 2892 moveat
824 2829 982 2893 cornicula
999 2831 1103 2896 risum

255 2942 288 2989 20
306 2920 430 2985 furtivis
449 2921 568 2985 nudata
586 2920 750 2986 coloribus.
773 2923 842 3007 ipsc
859 2923 936 3005 quid
953 2924 1076 2988 audes?

305 3036 386 3096 quae
405 3014 635 3079 circumvolitas
654 3015 745 3100 agilis
764 3016 890 3100 thyma?
907 3039 970 3080 non
989 3017 1047 3081 tibi
1065 3040 1206 3103 parvum

305 3108 480 3194 ingenium,
499 3131 564 3172 non
582 3108 734 3172 incultum
753 3119 801 3173 est
819 3132 856 3173 ao
874 3110 1005 3195 turpiter
1022 3111 1159 3177 hirtum:

306 3224 363 3266 seu
379 3201 520 3286 linguam
539 3202 660 3266 caussis
679 3203 766 3267 acuis
785 3225 842 3267 seu
861 3204 959 3267 civica
976 3203 1047 3267 iura

305 3297 492 3381 respondere
510 3319 602 3381 paras
622 3318 678 3359 seu
696 3297 805 3360 condis
825 3296 958 3361 amabile
976 3320 1117 3376 carmen,

254 3412 287 3458 25
306 3390 408 3474 prima
425 3391 507 3453 feres
526 3390 662 3454 hederae
680 3391 815 3454 victricis
834 3390 980 3475 praemia.
1003 3392 1123 3473 quodsi

305 3484 421 3568 frigida
439 3507 583 3547 curarum
601 3484 740 3549 fomenta
756 3485 929 3568 relinquere
947 3506 1069 3569 posses,

305 3599 368 3659 quo
387 3587 417 3641 te
436 3578 579 3642 caelestis
598 3578 751 3663 sapientia
769 3580 908 3655 duceret,
928 3579 999 3642 ires.

305 3671 477 3757 hocopus,
496 3672 556 3735 hoc
575 3672 719 3736 studium
730 3673 820 3756 parvi
838 3694 1040 3757 properemus
1059 3683 1091 3737 et
1109 3677 1220 3761 ampli,

306 3766 334 3829 si
350 3767 468 3852 patriae
487 3765 646 3842 volumus,
666 3766 694 3829 si
710 3766 801 3831 nobis
820 3760 925 3830 vivere
944 3767 1016 3830 cari.

254 3879 287 3925 30
305 3861 401 3926 debes
419 3862 480 3925 hoc
498 3861 592 3925 etiam
609 3860 794 3936 rescribere,
814 3861 854 3925 sit
872 3859 928 3925 tibi
945 3882 1037 3924 curae

305 3965 440 4036 quantae
458 3953 622 4019 conveniat
638 3953 822 4018 Munatius?
840 3978 881 4018 an
899 3954 979 4018 male
998 3963 1083 4018 sarta

304 4049 406 4135 gratia
423 4049 631 4132 nequicquam
651 4048 712 4112 coit
730 4057 761 4111 et
777 4047 982 4112 rescinditur?
1000 4056 1032 4110 at
1048 4069 1108 4112 vos

306 4165 362 4207 seu
380 4144 500 4207 calidus
520 4142 649 4227 sanguis
668 4164 724 4206 seu
741 4164 845 4207 rerum
864 4141 987 4207 inscitia
1004 4150 1099 4205 vexat

304 4235 455 4301 indomita
472 4236 593 4299 cervice
611 4236 710 4313 feros,
730 4236 919 4318 ubicumque
936 4235 1077 4298 locorum

254 4346 287 4392 35
304 4329 408 4393 vivitis
426 4330 548 4414 indigni
564 4329 736 4393 fraternum
753 4350 897 4415 rumpere
915 4328 1036 4403 foedus,

304 4422 443 4504 pascitur
459 4423 493 4484 in
510 4431 648 4485 vestrum
665 4424 800 4489 reditum
819 4423 924 4487 votiva
941 4422 1083 4485 iuvenca.
