<?xml version="1.0" encoding="UTF-8"?>
<!DOCTYPE html PUBLIC "-//W3C//DTD XHTML 1.0 Transitional//EN"
    "http://www.w3.org/TR/xhtml1/DTD/xhtml1-transitional.dtd">
<html xmlns="http://www.w3.org/1999/xhtml" xml:lang="en" lang="en">
 <head>
  <title>
</title>
<meta http-equiv="Content-Type" content="text/html;charset=utf-8" />
  <meta name='ocr-system' content='tesseract 3.04.00' />
  <meta name='ocr-capabilities' content='ocr_page ocr_carea ocr_par ocr_line ocrx_word'/>
</head>
<body>
  <div class='ocr_page' id='page_1' title='image "./qhoratiiflaccio00stalgoog/qhoratiiflaccio00stalgoog_0197.png"; bbox 0 0 3225 5442; ppageno 0'>
   <div class='ocr_carea' id='block_1_1' title="bbox 489 730 792 789">
    <p class='ocr_par' dir='ltr' id='par_1_1' title="bbox 489 730 792 789">
     <span class='ocr_line' id='line_1_1' title="bbox 489 730 792 789; baseline -0.007 -1"><span class='ocrx_word' id='word_1_1' title='bbox 489 731 649 789; x_wconf 84' lang='lat' dir='ltr'><strong>EPODON</strong></span> <span class='ocrx_word' id='word_1_2' title='bbox 666 730 792 786; x_wconf 78' lang='lat' dir='ltr'>LIBER.</span> 
     </span>
    </p>
   </div>
   <div class='ocr_carea' id='block_1_2' title="bbox 258 890 993 4543">
    <p class='ocr_par' dir='ltr' id='par_1_2' title="bbox 260 890 912 1050">
     <span class='ocr_line' id='line_1_2' title="bbox 261 890 912 976; baseline -0.003 -21"><span class='ocrx_word' id='word_1_3' title='bbox 261 913 333 968; x_wconf 85' lang='lat' dir='ltr'>rem,</span> <span class='ocrx_word' id='word_1_4' title='bbox 352 890 438 976; x_wconf 89' lang='lat' dir='ltr'>quod</span> <span class='ocrx_word' id='word_1_5' title='bbox 456 907 565 955; x_wconf 87' lang='lat' dir='ltr'>omnes</span> <span class='ocrx_word' id='word_1_6' title='bbox 582 890 718 967; x_wconf 81' lang='lat' dir='ltr'>rideant,</span> <span class='ocrx_word' id='word_1_7' title='bbox 737 890 912 955; x_wconf 89' lang='lat' dir='ltr'>adulterum</span> 
     </span>
     <span class='ocr_line' id='line_1_3' title="bbox 260 982 682 1050; baseline 0.002 -3"><span class='ocrx_word' id='word_1_8' title='bbox 260 993 365 1048; x_wconf 86' lang='lat' dir='ltr'>atrent</span> <span class='ocrx_word' id='word_1_9' title='bbox 384 982 570 1050; x_wconf 80' lang='lat' dir='ltr'>Suburanae</span> <span class='ocrx_word' id='word_1_10' title='bbox 588 1004 682 1048; x_wconf 90' lang='lat' dir='ltr'>canes</span> 
     </span>
    </p>

    <p class='ocr_par' dir='ltr' id='par_1_3' title="bbox 259 1077 905 1236">
     <span class='ocr_line' id='line_1_4' title="bbox 260 1077 905 1164; baseline 0 -22"><span class='ocrx_word' id='word_1_11' title='bbox 260 1079 308 1142; x_wconf 78' lang='lat' dir='ltr'>,do</span> <span class='ocrx_word' id='word_1_12' title='bbox 324 1087 511 1164; x_wconf 86' lang='lat' dir='ltr'>perunctum</span> <span class='ocrx_word' id='word_1_13' title='bbox 516 1125 525 1155; x_wconf 93' lang='lat'>,</span> <span class='ocrx_word' id='word_1_14' title='bbox 544 1077 637 1160; x_wconf 88' lang='lat' dir='ltr'>quale</span> <span class='ocrx_word' id='word_1_15' title='bbox 653 1100 717 1142; x_wconf 92' lang='lat' dir='ltr'>non</span> <span class='ocrx_word' id='word_1_16' title='bbox 734 1078 905 1163; x_wconf 84' lang='lat' dir='ltr'>perfectius</span> 
     </span>
     <span class='ocr_line' id='line_1_5' title="bbox 259 1170 741 1236; baseline 0.002 -2"><span class='ocrx_word' id='word_1_17' title='bbox 259 1194 341 1236; x_wconf 87' lang='lat' dir='ltr'>neae</span> <span class='ocrx_word' id='word_1_18' title='bbox 358 1170 541 1236; x_wconf 86' lang='lat' dir='ltr'>laboranmt</span> <span class='ocrx_word' id='word_1_19' title='bbox 558 1193 679 1235; x_wconf 88' lang='lat' dir='ltr'>manus.</span> <span class='ocrx_word' id='word_1_20' title='bbox 700 1210 741 1218; x_wconf 91' lang='lat'><em>-</em></span> 
     </span>
    </p>

    <p class='ocr_par' dir='ltr' id='par_1_4' title="bbox 259 1262 884 1434">
     <span class='ocr_line' id='line_1_6' title="bbox 259 1262 884 1329; baseline -0.003 0"><span class='ocrx_word' id='word_1_21' title='bbox 259 1266 286 1329; x_wconf 73' lang='lat' dir='ltr'>{d</span> <span class='ocrx_word' id='word_1_22' title='bbox 304 1264 436 1329; x_wconf 82' lang='lat' dir='ltr'>accidit?</span> <span class='ocrx_word' id='word_1_23' title='bbox 453 1286 509 1329; x_wconf 92' lang='lat' dir='ltr'>cur</span> <span class='ocrx_word' id='word_1_24' title='bbox 526 1264 595 1328; x_wconf 89' lang='lat' dir='ltr'>dira</span> <span class='ocrx_word' id='word_1_25' title='bbox 611 1262 762 1329; x_wconf 87' lang='lat' dir='ltr'>barbarae</span> <span class='ocrx_word' id='word_1_26' title='bbox 779 1263 884 1328; x_wconf 92' lang='lat' dir='ltr'>minus</span> 
     </span>
     <span class='ocr_line' id='line_1_7' title="bbox 260 1356 657 1434; baseline -0.008 -11"><span class='ocrx_word' id='word_1_27' title='bbox 260 1381 374 1424; x_wconf 79' lang='lat' dir='ltr'>uenena</span> <span class='ocrx_word' id='word_1_28' title='bbox 389 1356 525 1422; x_wconf 78' lang='lat' dir='ltr'>Medeae</span> <span class='ocrx_word' id='word_1_29' title='bbox 542 1357 657 1434; x_wconf 83' lang='lat' dir='ltr'>valent,</span> 
     </span>
    </p>

    <p class='ocr_par' dir='ltr' id='par_1_5' title="bbox 259 1450 867 1631">
     <span class='ocr_line' id='line_1_8' title="bbox 260 1450 867 1537; baseline -0.005 -21"><span class='ocrx_word' id='word_1_30' title='bbox 260 1452 325 1516; x_wconf 86' lang='lat' dir='ltr'>ibus</span> <span class='ocrx_word' id='word_1_31' title='bbox 344 1450 513 1537; x_wconf 80' lang='lat' dir='ltr'>superbam</span> <span class='ocrx_word' id='word_1_32' title='bbox 530 1451 614 1537; x_wconf 84' lang='lat' dir='ltr'>fugit</span> <span class='ocrx_word' id='word_1_33' title='bbox 629 1450 696 1514; x_wconf 82' lang='lat' dir='ltr'>ulta</span> <span class='ocrx_word' id='word_1_34' title='bbox 712 1450 867 1535; x_wconf 87' lang='lat' dir='ltr'>pellicem,</span> 
     </span>
     <span class='ocr_line' id='line_1_9' title="bbox 259 1544 648 1631; baseline 0 -22"><span class='ocrx_word' id='word_1_35' title='bbox 259 1546 359 1631; x_wconf 83' lang='lat' dir='ltr'>magni</span> <span class='ocrx_word' id='word_1_36' title='bbox 377 1544 524 1611; x_wconf 81' lang='lat' dir='ltr'>Creontis</span> <span class='ocrx_word' id='word_1_37' title='bbox 541 1545 648 1621; x_wconf 87' lang='lat' dir='ltr'>filiam,</span> 
     </span>
    </p>

    <p class='ocr_par' dir='ltr' id='par_1_6' title="bbox 259 1637 949 1819">
     <span class='ocr_line' id='line_1_10' title="bbox 259 1637 949 1726; baseline -0.004 -23"><span class='ocrx_word' id='word_1_38' title='bbox 259 1663 282 1703; x_wconf 93' lang='lat' dir='ltr'>n</span> <span class='ocrx_word' id='word_1_39' title='bbox 299 1639 396 1726; x_wconf 87' lang='lat' dir='ltr'>palla,</span> <span class='ocrx_word' id='word_1_40' title='bbox 416 1639 490 1704; x_wconf 90' lang='lat' dir='ltr'>tabo</span> <span class='ocrx_word' id='word_1_41' title='bbox 511 1661 626 1702; x_wconf 90' lang='lat' dir='ltr'>munus</span> <span class='ocrx_word' id='word_1_42' title='bbox 644 1637 815 1715; x_wconf 88' lang='lat' dir='ltr'>imbutum,</span> <span class='ocrx_word' id='word_1_43' title='bbox 834 1660 949 1703; x_wconf 86' lang='lat' dir='ltr'>novam</span> 
     </span>
     <span class='ocr_line' id='line_1_11' title="bbox 259 1732 710 1819; baseline 0 -23"><span class='ocrx_word' id='word_1_44' title='bbox 259 1734 396 1799; x_wconf 89' lang='lat' dir='ltr'>ncendio</span> <span class='ocrx_word' id='word_1_45' title='bbox 413 1743 544 1819; x_wconf 86' lang='lat' dir='ltr'>nuptam</span> <span class='ocrx_word' id='word_1_46' title='bbox 562 1732 710 1797; x_wconf 83' lang='lat' dir='ltr'>abstulit?</span> 
     </span>
    </p>

    <p class='ocr_par' dir='ltr' id='par_1_7' title="bbox 259 1822 869 1986">
     <span class='ocr_line' id='line_1_12' title="bbox 259 1822 869 1912; baseline 0 -21"><span class='ocrx_word' id='word_1_47' title='bbox 259 1827 296 1909; x_wconf 36' lang='lat' dir='ltr'>‚ui</span> <span class='ocrx_word' id='word_1_48' title='bbox 313 1849 371 1891; x_wconf 93' lang='lat' dir='ltr'>nec</span> <span class='ocrx_word' id='word_1_49' title='bbox 388 1826 487 1893; x_wconf 89' lang='lat' dir='ltr'>herba</span> <span class='ocrx_word' id='word_1_50' title='bbox 503 1848 563 1891; x_wconf 88' lang='lat' dir='ltr'>nec</span> <span class='ocrx_word' id='word_1_51' title='bbox 579 1822 680 1892; x_wconf 74' lang='lat' dir='ltr'>fatens</span> <span class='ocrx_word' id='word_1_52' title='bbox 699 1826 732 1890; x_wconf 92' lang='lat' dir='ltr'>in</span> <span class='ocrx_word' id='word_1_53' title='bbox 749 1826 869 1912; x_wconf 90' lang='lat' dir='ltr'>asperis</span> 
     </span>
     <span class='ocr_line' id='line_1_13' title="bbox 259 1920 647 1986; baseline 0 -1"><span class='ocrx_word' id='word_1_54' title='bbox 259 1921 341 1985; x_wconf 74' lang='lat' dir='ltr'>adin</span> <span class='ocrx_word' id='word_1_55' title='bbox 358 1920 471 1985; x_wconf 84' lang='lat' dir='ltr'>fefellit</span> <span class='ocrx_word' id='word_1_56' title='bbox 487 1943 538 1986; x_wconf 91' lang='lat' dir='ltr'>me</span> <span class='ocrx_word' id='word_1_57' title='bbox 555 1920 647 1986; x_wconf 74' lang='lat' dir='ltr'>locist</span> 
     </span>
    </p>

    <p class='ocr_par' dir='ltr' id='par_1_8' title="bbox 259 2016 806 2196">
     <span class='ocr_line' id='line_1_14' title="bbox 259 2016 806 2082; baseline 0.002 -2"><span class='ocrx_word' id='word_1_58' title='bbox 259 2017 356 2081; x_wconf 74' lang='lat' dir='ltr'>Lormit</span> <span class='ocrx_word' id='word_1_59' title='bbox 372 2016 475 2081; x_wconf 86' lang='lat' dir='ltr'>unctis</span> <span class='ocrx_word' id='word_1_60' title='bbox 493 2017 632 2082; x_wconf 91' lang='lat' dir='ltr'>omnium</span> <span class='ocrx_word' id='word_1_61' title='bbox 651 2016 806 2082; x_wconf 86' lang='lat' dir='ltr'>cubilibus</span> 
     </span>
     <span class='ocr_line' id='line_1_15' title="bbox 259 2109 644 2196; baseline 0 -23"><span class='ocrx_word' id='word_1_62' title='bbox 259 2109 409 2174; x_wconf 69' lang='lat' dir='ltr'>oblivione</span> <span class='ocrx_word' id='word_1_63' title='bbox 425 2110 583 2196; x_wconf 83' lang='lat' dir='ltr'>pellicum.</span> <span class='ocrx_word' id='word_1_64' title='bbox 603 2150 644 2157; x_wconf 94' lang='lat'><strong>—</strong></span> 
     </span>
    </p>

    <p class='ocr_par' dir='ltr' id='par_1_9' title="bbox 258 2202 798 2362">
     <span class='ocr_line' id='line_1_16' title="bbox 269 2202 798 2269; baseline 0.002 -1"><span class='ocrx_word' id='word_1_65' title='bbox 269 2202 323 2268; x_wconf 84' lang='lat' dir='ltr'>aht</span> <span class='ocrx_word' id='word_1_66' title='bbox 343 2203 464 2269; x_wconf 85' lang='lat' dir='ltr'>solutus</span> <span class='ocrx_word' id='word_1_67' title='bbox 482 2204 624 2269; x_wconf 86' lang='lat' dir='ltr'>ambulat</span> <span class='ocrx_word' id='word_1_68' title='bbox 640 2203 798 2269; x_wconf 86' lang='lat' dir='ltr'>veneficae</span> 
     </span>
     <span class='ocr_line' id='line_1_17' title="bbox 258 2297 651 2362; baseline -0.003 0"><span class='ocrx_word' id='word_1_69' title='bbox 258 2297 427 2362; x_wconf 72' lang='lat' dir='ltr'>scientioris</span> <span class='ocrx_word' id='word_1_70' title='bbox 445 2298 591 2361; x_wconf 87' lang='lat' dir='ltr'>carmine.</span> <span class='ocrx_word' id='word_1_71' title='bbox 610 2335 651 2345; x_wconf 84' lang='lat'>—</span> 
     </span>
    </p>

    <p class='ocr_par' dir='ltr' id='par_1_10' title="bbox 259 2390 748 2477">
     <span class='ocr_line' id='line_1_18' title="bbox 259 2390 748 2477; baseline 0.002 -23"><span class='ocrx_word' id='word_1_72' title='bbox 259 2414 272 2454; x_wconf 90' lang='lat'>1</span> <span class='ocrx_word' id='word_1_73' title='bbox 289 2391 425 2469; x_wconf 87' lang='lat' dir='ltr'>usitatis,</span> <span class='ocrx_word' id='word_1_74' title='bbox 443 2390 541 2468; x_wconf 89' lang='lat' dir='ltr'>Vara,</span> <span class='ocrx_word' id='word_1_75' title='bbox 558 2390 748 2477; x_wconf 90' lang='lat' dir='ltr'>potionibus,</span> 
     </span>
    </p>

    <p class='ocr_par' dir='ltr' id='par_1_11' title="bbox 259 2485 673 2570">
     <span class='ocr_line' id='line_1_19' title="bbox 259 2485 673 2570; baseline -0.002 -20"><span class='ocrx_word' id='word_1_76' title='bbox 259 2508 273 2550; x_wconf 76' lang='lat' dir='ltr'>o</span> <span class='ocrx_word' id='word_1_77' title='bbox 291 2485 390 2550; x_wconf 76' lang='lat' dir='ltr'>mrdta</span> <span class='ocrx_word' id='word_1_78' title='bbox 405 2486 551 2549; x_wconf 85' lang='lat' dir='ltr'>fleturum</span> <span class='ocrx_word' id='word_1_79' title='bbox 570 2498 673 2570; x_wconf 90' lang='lat' dir='ltr'>caput,</span> 
     </span>
    </p>

    <p class='ocr_par' dir='ltr' id='par_1_12' title="bbox 258 2590 875 2739">
     <span class='ocr_line' id='line_1_20' title="bbox 266 2590 875 2656; baseline 0.002 -13"><span class='ocrx_word' id='word_1_80' title='bbox 266 2602 317 2643; x_wconf 91' lang='lat' dir='ltr'>me</span> <span class='ocrx_word' id='word_1_81' title='bbox 335 2601 489 2656; x_wconf 88' lang='lat' dir='ltr'>recurres,</span> <span class='ocrx_word' id='word_1_82' title='bbox 508 2602 568 2644; x_wconf 89' lang='lat' dir='ltr'>nec</span> <span class='ocrx_word' id='word_1_83' title='bbox 585 2595 696 2644; x_wconf 85' lang='lat' dir='ltr'>vocata</span> <span class='ocrx_word' id='word_1_84' title='bbox 713 2601 801 2645; x_wconf 90' lang='lat' dir='ltr'>mens</span> <span class='ocrx_word' id='word_1_85' title='bbox 821 2590 875 2644; x_wconf 89' lang='lat' dir='ltr'>tua</span> 
     </span>
     <span class='ocr_line' id='line_1_21' title="bbox 258 2672 663 2739; baseline 0.002 -3"><span class='ocrx_word' id='word_1_86' title='bbox 258 2672 371 2738; x_wconf 83' lang='lat' dir='ltr'>Marsis</span> <span class='ocrx_word' id='word_1_87' title='bbox 389 2672 504 2739; x_wconf 83' lang='lat' dir='ltr'>redibit</span> <span class='ocrx_word' id='word_1_88' title='bbox 522 2672 663 2738; x_wconf 87' lang='lat' dir='ltr'>vocibus.</span> 
     </span>
    </p>

    <p class='ocr_par' dir='ltr' id='par_1_13' title="bbox 258 2766 842 2946">
     <span class='ocr_line' id='line_1_22' title="bbox 258 2766 842 2851; baseline 0.002 -21"><span class='ocrx_word' id='word_1_89' title='bbox 258 2766 310 2830; x_wconf 91' lang='lat' dir='ltr'>ius</span> <span class='ocrx_word' id='word_1_90' title='bbox 328 2766 462 2851; x_wconf 88' lang='lat' dir='ltr'>parabo,</span> <span class='ocrx_word' id='word_1_91' title='bbox 481 2768 583 2832; x_wconf 87' lang='lat' dir='ltr'>maius</span> <span class='ocrx_word' id='word_1_92' title='bbox 601 2767 765 2832; x_wconf 88' lang='lat' dir='ltr'>infundam</span> <span class='ocrx_word' id='word_1_93' title='bbox 784 2766 842 2833; x_wconf 89' lang='lat' dir='ltr'>tibi</span> 
     </span>
     <span class='ocr_line' id='line_1_23' title="bbox 258 2859 601 2946; baseline 0.006 -24"><span class='ocrx_word' id='word_1_94' title='bbox 258 2859 423 2924; x_wconf 73' lang='lat' dir='ltr'>fastidienti</span> <span class='ocrx_word' id='word_1_95' title='bbox 439 2860 587 2946; x_wconf 90' lang='lat' dir='ltr'>poculum</span> <span class='ocrx_word' id='word_1_96' title='bbox 592 2886 601 2939; x_wconf 92' lang='lat'>;</span> 
     </span>
    </p>

    <p class='ocr_par' dir='ltr' id='par_1_14' title="bbox 258 2954 842 3136">
     <span class='ocr_line' id='line_1_24' title="bbox 258 2954 842 3037; baseline 0.003 -20"><span class='ocrx_word' id='word_1_97' title='bbox 258 2975 358 3037; x_wconf 88' lang='lat' dir='ltr'>usque</span> <span class='ocrx_word' id='word_1_98' title='bbox 376 2954 499 3018; x_wconf 88' lang='lat' dir='ltr'>caelum</span> <span class='ocrx_word' id='word_1_99' title='bbox 517 2955 598 3020; x_wconf 90' lang='lat' dir='ltr'>sidet</span> <span class='ocrx_word' id='word_1_100' title='bbox 614 2955 745 3020; x_wconf 79' lang='lat' dir='ltr'>inferius</span> <span class='ocrx_word' id='word_1_101' title='bbox 762 2956 842 3019; x_wconf 87' lang='lat' dir='ltr'>mari</span> 
     </span>
     <span class='ocr_line' id='line_1_25' title="bbox 259 3048 644 3136; baseline 0.008 -24"><span class='ocrx_word' id='word_1_102' title='bbox 259 3048 361 3112; x_wconf 79' lang='lat' dir='ltr'>ellare</span> <span class='ocrx_word' id='word_1_103' title='bbox 379 3059 523 3135; x_wconf 87' lang='lat' dir='ltr'>porrecta</span> <span class='ocrx_word' id='word_1_104' title='bbox 540 3073 644 3136; x_wconf 87' lang='lat' dir='ltr'>super,</span> 
     </span>
    </p>

    <p class='ocr_par' dir='ltr' id='par_1_15' title="bbox 259 3144 874 3324">
     <span class='ocr_line' id='line_1_26' title="bbox 259 3144 874 3231; baseline 0.002 -26"><span class='ocrx_word' id='word_1_105' title='bbox 259 3165 304 3206; x_wconf 81' lang='lat' dir='ltr'>am</span> <span class='ocrx_word' id='word_1_106' title='bbox 322 3165 385 3207; x_wconf 93' lang='lat' dir='ltr'>non</span> <span class='ocrx_word' id='word_1_107' title='bbox 403 3166 510 3209; x_wconf 86' lang='lat' dir='ltr'>amore</span> <span class='ocrx_word' id='word_1_108' title='bbox 529 3144 575 3209; x_wconf 91' lang='lat' dir='ltr'>sic</span> <span class='ocrx_word' id='word_1_109' title='bbox 592 3167 663 3209; x_wconf 94' lang='lat' dir='ltr'>meo</span> <span class='ocrx_word' id='word_1_110' title='bbox 680 3144 810 3231; x_wconf 82' lang='lat' dir='ltr'>flagres,</span> <span class='ocrx_word' id='word_1_111' title='bbox 828 3144 874 3207; x_wconf 88' lang='lat' dir='ltr'>uti</span> 
     </span>
     <span class='ocr_line' id='line_1_27' title="bbox 259 3236 663 3324; baseline 0.005 -23"><span class='ocrx_word' id='word_1_112' title='bbox 259 3236 393 3301; x_wconf 89' lang='lat' dir='ltr'>bitumen</span> <span class='ocrx_word' id='word_1_113' title='bbox 411 3237 487 3302; x_wconf 90' lang='lat' dir='ltr'>atris</span> <span class='ocrx_word' id='word_1_114' title='bbox 505 3237 663 3324; x_wconf 82' lang='lat' dir='ltr'>ignibus.“</span> 
     </span>
    </p>

    <p class='ocr_par' dir='ltr' id='par_1_16' title="bbox 259 3329 975 3512">
     <span class='ocr_line' id='line_1_28' title="bbox 259 3329 975 3415; baseline -0.001 -22"><span class='ocrx_word' id='word_1_115' title='bbox 259 3353 269 3393; x_wconf 88' lang='grc'><strong>)</strong></span> <span class='ocrx_word' id='word_1_116' title='bbox 287 3329 365 3394; x_wconf 85' lang='lat' dir='ltr'>haec</span> <span class='ocrx_word' id='word_1_117' title='bbox 383 3352 473 3415; x_wconf 89' lang='lat' dir='ltr'>puer,</span> <span class='ocrx_word' id='word_1_118' title='bbox 492 3332 555 3396; x_wconf 87' lang='lat' dir='ltr'>iam</span> <span class='ocrx_word' id='word_1_119' title='bbox 573 3354 650 3410; x_wconf 87' lang='lat' dir='ltr'>non,</span> <span class='ocrx_word' id='word_1_120' title='bbox 668 3341 704 3396; x_wconf 94' lang='lat' dir='ltr'>ut</span> <span class='ocrx_word' id='word_1_121' title='bbox 722 3340 809 3409; x_wconf 90' lang='lat' dir='ltr'>ante,</span> <span class='ocrx_word' id='word_1_122' title='bbox 829 3330 975 3395; x_wconf 88' lang='lat' dir='ltr'>mollibus</span> 
     </span>
     <span class='ocr_line' id='line_1_29' title="bbox 260 3424 611 3512; baseline 0.017 -27"><span class='ocrx_word' id='word_1_123' title='bbox 260 3424 348 3488; x_wconf 86' lang='lat' dir='ltr'>¹euire</span> <span class='ocrx_word' id='word_1_124' title='bbox 365 3424 470 3490; x_wconf 88' lang='lat' dir='ltr'>verbis</span> <span class='ocrx_word' id='word_1_125' title='bbox 487 3426 611 3512; x_wconf 87' lang='lat' dir='ltr'>impias,</span> 
     </span>
    </p>

    <p class='ocr_par' dir='ltr' id='par_1_17' title="bbox 259 3516 850 3700">
     <span class='ocr_line' id='line_1_30' title="bbox 260 3516 850 3606; baseline 0.003 -25"><span class='ocrx_word' id='word_1_126' title='bbox 260 3517 267 3581; x_wconf 87' lang='grc' dir='ltr'>Ι</span> <span class='ocrx_word' id='word_1_127' title='bbox 283 3516 398 3583; x_wconf 88' lang='lat' dir='ltr'>dubius</span> <span class='ocrx_word' id='word_1_128' title='bbox 416 3520 500 3584; x_wconf 90' lang='lat' dir='ltr'>unde</span> <span class='ocrx_word' id='word_1_129' title='bbox 517 3530 675 3606; x_wconf 87' lang='lat' dir='ltr'>rumperet</span> <span class='ocrx_word' id='word_1_130' title='bbox 692 3520 850 3585; x_wconf 90' lang='lat' dir='ltr'>silentium</span> 
     </span>
     <span class='ocr_line' id='line_1_31' title="bbox 259 3611 674 3700; baseline 0.012 -26"><span class='ocrx_word' id='word_1_131' title='bbox 259 3611 337 3675; x_wconf 89' lang='lat' dir='ltr'>misit</span> <span class='ocrx_word' id='word_1_132' title='bbox 356 3612 532 3698; x_wconf 84' lang='lat' dir='ltr'>Thyesteas</span> <span class='ocrx_word' id='word_1_133' title='bbox 550 3636 674 3700; x_wconf 84' lang='lat' dir='ltr'>preces:</span> 
     </span>
    </p>

    <p class='ocr_par' dir='ltr' id='par_1_18' title="bbox 259 3706 993 3865">
     <span class='ocr_line' id='line_1_32' title="bbox 259 3706 993 3793; baseline 0 -24"><span class='ocrx_word' id='word_1_134' title='bbox 259 3726 364 3783; x_wconf 81' lang='lat' dir='ltr'>mena,</span> <span class='ocrx_word' id='word_1_135' title='bbox 383 3729 535 3793; x_wconf 87' lang='lat' dir='ltr'>magnum</span> <span class='ocrx_word' id='word_1_136' title='bbox 552 3707 602 3772; x_wconf 85' lang='lat' dir='ltr'>fas</span> <span class='ocrx_word' id='word_1_137' title='bbox 619 3706 786 3789; x_wconf 86' lang='lat' dir='ltr'>nefasque,</span> <span class='ocrx_word' id='word_1_138' title='bbox 805 3729 868 3771; x_wconf 91' lang='lat' dir='ltr'>uon</span> <span class='ocrx_word' id='word_1_139' title='bbox 888 3707 993 3771; x_wconf 85' lang='lat' dir='ltr'>valent</span> 
     </span>
     <span class='ocr_line' id='line_1_33' title="bbox 259 3800 750 3865; baseline 0 -2"><span class='ocrx_word' id='word_1_140' title='bbox 259 3810 433 3864; x_wconf 70' lang='lat' dir='ltr'>eonvertere</span> <span class='ocrx_word' id='word_1_141' title='bbox 451 3800 621 3865; x_wconf 88' lang='lat' dir='ltr'>humanam</span> <span class='ocrx_word' id='word_1_142' title='bbox 639 3801 750 3865; x_wconf 89' lang='lat' dir='ltr'>vicem.</span> 
     </span>
    </p>

    <p class='ocr_par' dir='ltr' id='par_1_19' title="bbox 259 3892 756 3979">
     <span class='ocr_line' id='line_1_34' title="bbox 259 3892 756 3979; baseline 0.006 -23"><span class='ocrx_word' id='word_1_143' title='bbox 259 3892 284 3957; x_wconf 88' lang='lat' dir='ltr'>is</span> <span class='ocrx_word' id='word_1_144' title='bbox 303 3916 396 3979; x_wconf 86' lang='lat' dir='ltr'>agam</span> <span class='ocrx_word' id='word_1_145' title='bbox 415 3916 487 3959; x_wconf 89' lang='lat' dir='ltr'>vos:</span> <span class='ocrx_word' id='word_1_146' title='bbox 506 3895 573 3958; x_wconf 88' lang='lat' dir='ltr'>dira</span> <span class='ocrx_word' id='word_1_147' title='bbox 591 3894 756 3960; x_wconf 86' lang='lat' dir='ltr'>detestatio</span> 
     </span>
    </p>

    <p class='ocr_par' dir='ltr' id='par_1_20' title="bbox 259 3986 653 4073">
     <span class='ocr_line' id='line_1_35' title="bbox 259 3986 653 4073; baseline 0.01 -25"><span class='ocrx_word' id='word_1_148' title='bbox 259 3986 339 4049; x_wconf 86' lang='lat' dir='ltr'>nulla</span> <span class='ocrx_word' id='word_1_149' title='bbox 355 3986 499 4073; x_wconf 89' lang='lat' dir='ltr'>expiatur</span> <span class='ocrx_word' id='word_1_150' title='bbox 516 3988 653 4052; x_wconf 88' lang='lat' dir='ltr'>victima.</span> 
     </span>
    </p>

    <p class='ocr_par' dir='ltr' id='par_1_21' title="bbox 258 4078 841 4252">
     <span class='ocr_line' id='line_1_36' title="bbox 259 4078 841 4167; baseline 0.002 -25"><span class='ocrx_word' id='word_1_151' title='bbox 259 4081 298 4156; x_wconf 82' lang='lat' dir='ltr'>ur,</span> <span class='ocrx_word' id='word_1_152' title='bbox 318 4078 372 4144; x_wconf 92' lang='lat' dir='ltr'>ubi</span> <span class='ocrx_word' id='word_1_153' title='bbox 389 4081 490 4165; x_wconf 86' lang='lat' dir='ltr'>perire</span> <span class='ocrx_word' id='word_1_154' title='bbox 507 4081 613 4147; x_wconf 88' lang='lat' dir='ltr'>iussus</span> <span class='ocrx_word' id='word_1_155' title='bbox 631 4082 841 4167; x_wconf 86' lang='lat' dir='ltr'>exspiravere,</span> 
     </span>
     <span class='ocr_line' id='line_1_37' title="bbox 258 4175 730 4252; baseline 0.008 -16"><span class='ocrx_word' id='word_1_156' title='bbox 258 4182 421 4239; x_wconf 82' lang='lat' dir='ltr'>roctumus</span> <span class='ocrx_word' id='word_1_157' title='bbox 440 4196 602 4239; x_wconf 86' lang='lat' dir='ltr'>occurram</span> <span class='ocrx_word' id='word_1_158' title='bbox 618 4175 730 4252; x_wconf 87' lang='lat' dir='ltr'>Furor,</span> 
     </span>
    </p>

    <p class='ocr_par' dir='ltr' id='par_1_22' title="bbox 258 4265 944 4543">
     <span class='ocr_line' id='line_1_38' title="bbox 258 4265 944 4354; baseline -0.001 -24"><span class='ocrx_word' id='word_1_159' title='bbox 258 4289 381 4350; x_wconf 83' lang='lat' dir='ltr'>amque</span> <span class='ocrx_word' id='word_1_160' title='bbox 396 4269 502 4332; x_wconf 86' lang='lat' dir='ltr'>vultus</span> <span class='ocrx_word' id='word_1_161' title='bbox 520 4268 633 4334; x_wconf 87' lang='lat' dir='ltr'>umbra</span> <span class='ocrx_word' id='word_1_162' title='bbox 651 4269 754 4333; x_wconf 87' lang='lat' dir='ltr'>curvis</span> <span class='ocrx_word' id='word_1_163' title='bbox 772 4265 944 4354; x_wconf 74' lang='lat' dir='ltr'>unguibua</span> 
     </span>
     <span class='ocr_line' id='line_1_39' title="bbox 259 4361 788 4443; baseline 0.004 -20"><span class='ocrx_word' id='word_1_164' title='bbox 259 4380 333 4443; x_wconf 66' lang='lat' dir='ltr'>puae</span> <span class='ocrx_word' id='word_1_165' title='bbox 352 4361 400 4427; x_wconf 91' lang='lat' dir='ltr'>vis</span> <span class='ocrx_word' id='word_1_166' title='bbox 418 4362 549 4428; x_wconf 91' lang='lat' dir='ltr'>deorum</span> <span class='ocrx_word' id='word_1_167' title='bbox 567 4372 617 4428; x_wconf 90' lang='lat' dir='ltr'>est</span> <span class='ocrx_word' id='word_1_168' title='bbox 633 4362 788 4439; x_wconf 89' lang='lat' dir='ltr'>Manium,</span> 
     </span>
     <span class='ocr_line' id='line_1_40' title="bbox 258 4453 773 4543; baseline 0.008 -27"><span class='ocrx_word' id='word_1_169' title='bbox 258 4453 404 4538; x_wconf 90' lang='lat' dir='ltr'>inquietis</span> <span class='ocrx_word' id='word_1_170' title='bbox 422 4457 565 4522; x_wconf 89' lang='lat' dir='ltr'>assidens</span> <span class='ocrx_word' id='word_1_171' title='bbox 583 4456 773 4543; x_wconf 86' lang='lat' dir='ltr'>praecordiis</span> 
     </span>
    </p>
   </div>
   <div class='ocr_carea' id='block_1_3' title="bbox 0 0 1618 5442">
    <p class='ocr_par' dir='ltr' id='par_1_23' title="bbox 0 0 1618 5442">
     <span class='ocr_line' id='line_1_41' title="bbox 0 0 1618 5442; baseline 0 0"><span class='ocrx_word' id='word_1_172' title='bbox 0 0 1618 5442; x_wconf 95' lang='lat' dir='ltr'> </span> 
     </span>
    </p>
   </div>
  </div>
 </body>
</html>
