3225 5442
549 696 583 761 Q.
597 691 763 749 HORATII
776 691 922 751 FLAOGI

369 856 463 918 iudex
480 854 647 917 honestum
664 850 812 937 praetulit
829 850 907 928 utili,

252 979 256 988 ·
368 950 475 1013 reiecit
493 948 555 1012 alto
574 947 657 1011 dona
673 946 854 1012 nocentium

412 1043 514 1120 vultu,
533 1064 590 1127 per
607 1041 769 1105 obstantes
787 1050 930 1104 catervas

456 1136 604 1221 explicuit
623 1158 681 1199 sua
698 1136 798 1200 iictor
815 1157 911 1198 arma.

370 1272 433 1313 non
449 1248 663 1334 possidentem
680 1246 780 1310 multa
796 1246 960 1311 vocaveris

370 1353 453 1407 rccte
471 1342 613 1419 beatum3
630 1340 745 1405 rectius
763 1350 899 1424 occupat

412 1458 527 1500 nomen
544 1434 641 1511 beati,
660 1434 714 1517 qui
732 1435 862 1498 deorum

455 1528 637 1593 muneribus
656 1529 812 1613 sapienter
829 1527 875 1591 uti

371 1642 543 1724 duramque
561 1640 653 1704 callet
669 1640 851 1725 pauperiem
868 1640 943 1724 pati,

372 1735 524 1819 peiusque
542 1734 604 1799 leto
622 1734 776 1820 flagitium
793 1733 893 1810 timet,

413 1852 477 1893 non
493 1829 545 1893 illc
563 1851 620 1914 pro
638 1829 718 1894 caris
737 1828 846 1892 amicis

456 1932 510 1986 aut
527 1923 628 2008 patria
645 1922 772 1986 timidus
790 1922 902 2007 perire.

606 2098 804 2159 CARMEN
825 2092 881 2157 X(

539 2226 601 2274 An
637 2223 937 2276 mauraneum.

268 2324 298 2389 Ο
318 2325 451 2389 crudelis
470 2325 573 2388 adhuc
591 2334 623 2388 et
640 2323 774 2389 Veneris
792 2322 975 2389 muneribus
992 2336 1111 2410 potens,

264 2420 422 2505 insperata
440 2428 513 2482 tuae
529 2439 627 2501 quum
645 2418 750 2482 veniet
767 2418 875 2503 pluma
893 2418 1067 2501 superbiae,

265 2523 309 2590 ct,
329 2536 409 2597 quac
427 2535 510 2577 nunc
527 2512 666 2577 humeris
684 2512 861 2589 involitant‚
881 2513 1054 2577 deciderint
1070 2533 1175 2584 comae,

265 2629 349 2671 nunc
366 2607 468 2690 etqui
487 2607 572 2671 color
590 2616 639 2671 est
655 2607 806 2691 puniceae
823 2606 900 2671 flore
917 2607 1004 2691 prior
1020 2628 1117 2682 rosae,

265 2727 402 2781 mutatus
421 2717 611 2803 Ligurinum
628 2718 661 2780 in
678 2717 793 2781 faciem
810 2717 936 2781 verterit
953 2717 1121 2802 hispidam3

265 2812 365 2888 dices,
384 2811 460 2875 heul
479 2811 601 2894 quoties
619 2822 650 2875 te
669 2811 797 2898 speculo
815 2811 930 2875 videris
948 2811 1093 2875 alterum:

268 2928 368 2988 „quae
387 2928 476 2970 mens
495 2916 543 2969 est
560 2905 667 2982 hodie3
686 2928 742 2969 cur
759 2906 869 2969 eadem
887 2928 952 2970 non
968 2927 1067 2990 puero
1084 2905 1147 2979 fuit,

267 3000 316 3063 vel
335 3023 390 3064 cur
407 3000 456 3064 his
475 2999 587 3063 animis
605 3000 778 3064 incolumes
795 3022 860 3065 non
877 3000 1010 3063 redeunt
1026 2998 1161 3085 genae?“

596 3174 794 3235 OARMEN
817 3176 879 3233 XL

540 3302 600 3350 An
638 3300 939 3351 PHYLLIDEM.

393 3402 455 3465 Est
472 3402 547 3465 mihi
565 3424 683 3465 nonum
702 3401 878 3485 superantis
897 3423 1014 3464 annum

393 3494 504 3578 plenus
522 3495 641 3559 Albani
659 3495 772 3571 cadus3
790 3504 839 3558 est
856 3494 889 3557 in
906 3494 1006 3570 hort0,

394 3588 513 3673 Phylli,
532 3589 692 3654 nectendis
711 3590 818 3674 apium
836 3589 958 3653 coronis
964 3613 973 3666 ;

458 3691 506 3746 est
523 3684 657 3747 hederae
674 3683 722 3747 vis

393 3793 504 3869 multa,
524 3816 587 3877 qua
605 3794 704 3858 crines
722 3793 854 3880 religata
871 3792 975 3878 fulges
980 3817 990 3871 ;

392 3888 473 3951 ridet
490 3897 619 3973 argento
637 3888 763 3965 domus3
782 3910 837 3951 ara
855 3887 949 3950 castis

394 3982 498 4045 vincta
515 3981 659 4046 verbenis
678 3991 750 4045 avet
767 3979 927 4044 immolato

458 4076 598 4162 spargier
615 4098 697 4161 agno
703 4100 712 4153 3
812 4067 822 4082 ⁸

394 4188 506 4242 cuncta
524 4177 651 4242 festinat
668 4200 794 4253 manus,
815 4177 877 4239 huc
895 4185 926 4239 et
943 4175 1017 4238 illuc

394 4273 544 4336 cursitant
561 4272 677 4336 mixtae
694 4272 799 4356 pueris
819 4269 940 4355 puellae
946 4294 955 4346 ;

394 4367 554 4430 sordidum
571 4367 716 4430 flammae
733 4365 889 4450 trepidant
906 4373 1045 4428 rotantes

458 4460 572 4523 vertice
590 4460 722 4523 fumum.
