3225 5442
710 715 744 780 Q.
758 713 924 771 HORATII
937 714 1081 772 FLACOI

551 873 631 936 inter
649 872 783 935 audaces
801 871 894 955 lupus
913 881 994 936 errat
1011 896 1131 958 agnos;

554 966 674 1051 spargit
692 974 832 1051 agrestes
850 964 907 1029 tibi
925 965 1005 1031 silva
1021 967 1169 1045 frondes3
1222 973 1223 976 ’

552 1060 669 1144 gaudet
687 1060 821 1123 invisam
838 1060 997 1144 pepulisse
1014 1060 1122 1126 fossor

617 1164 664 1217 ter
681 1155 761 1237 pede
779 1164 902 1217 terram.

736 1380 1051 1448 OARMENXIX.

672 1525 741 1571 nu
778 1522 1119 1575 recuruum.

489 1649 650 1731 Quantum
668 1650 762 1714 distet
779 1648 819 1713 ab
837 1648 955 1714 Inacho

532 1742 657 1808 Codrus
674 1766 731 1828 pro
747 1742 850 1828 patria
866 1765 930 1807 non
948 1743 1076 1809 timidus
1095 1746 1186 1821 mori,

489 1861 610 1913 narras,
629 1849 661 1902 et
677 1860 778 1923 genus
797 1835 907 1913 Aeaci,

532 1942 563 1994 et
579 1941 720 2016 pugnata
737 1952 827 1995 sacro
844 1929 927 1995 bella
945 1929 1002 1995 sub
1021 1930 1096 1995 llio:

490 2089 553 2150 quo
573 2066 689 2131 Chium
706 2067 805 2152 pretio
824 2068 938 2131 cadum

530 2183 717 2237 mercemur,
736 2161 807 2243 quis
826 2182 939 2243 aquam
957 2170 1108 2243 temperet
1126 2161 1261 2247 ignibus,

489 2276 551 2337 quo
569 2253 737 2338 praebente
756 2255 884 2318 domum
902 2265 933 2317 et
950 2262 1046 2337 quota

530 2348 671 2434 Pelignis
689 2370 813 2413 caream
830 2346 1014 2433 frigoribus,
1034 2356 1129 2412 taces.

489 2486 530 2548 da
547 2486 660 2549 Lunae
677 2507 809 2571 propere
827 2507 937 2562 novae,

533 2579 574 2642 da
590 2580 691 2643 noctis
709 2579 844 2655 mediae,
864 2580 918 2655 da,
937 2603 1029 2664 puer,
1047 2583 1177 2667 auguris

413 2754 415 2759 Ι
489 2671 657 2737 Murenae:
676 2672 776 2738 tribus
794 2683 848 2737 aut
867 2695 979 2737 novem

531 2767 700 2831 miscentur
718 2767 839 2851 cyathis
857 2768 970 2851 pocula
988 2769 1171 2834 commodis.

489 2903 543 2985 qui
560 2902 673 2967 Musas
692 2915 775 2967 amat
792 2905 937 2989 impares,

532 3007 635 3061 ternos
653 3007 700 3061 ter
717 2998 847 3083 cyathos
865 2998 1014 3063 attonitus
1032 3010 1117 3083 petet

489 3101 576 3155 vates
582 3089 591 3167 3
611 3101 673 3155 tres
691 3090 836 3175 prohibet
854 3115 948 3176 supra

528 3185 666 3249 rixarum
684 3196 826 3250 metuens
844 3195 973 3271 tangere
992 3183 1111 3263 Gratia,

487 3322 580 3386 nudis
599 3322 704 3385 iuncta
722 3322 890 3387 sororibus.

529 3416 665 3479 insanire
682 3415 782 3480 iuvat:
801 3438 858 3480 cur
873 3415 1079 3501 Berecyntiae

489 3518 613 3573 cessant
630 3510 757 3574 flamina
774 3509 888 3575 tibiae?

529 3626 585 3667 cur
601 3604 717 3688 pendet
734 3604 828 3667 tacita
845 3604 949 3668 fistula
967 3626 1039 3667 cum
1055 3602 1142 3688 lyra?

486 3749 648 3824 parcentes
667 3763 728 3826 ego
745 3741 890 3805 dexteras

529 3834 595 3898 odi:
615 3856 727 3920 sparge
744 3857 848 3913 rosas3
867 3836 974 3899 audiat
991 3833 1116 3898 invidus

488 3928 664 3992 dementem
682 3929 846 4014 strepitum
863 3930 984 4013 Lycus,

529 4036 561 4085 et
577 4022 681 4086 vicina
698 4023 766 4086 seni
784 4045 845 4086 non
864 4022 977 4087 habilis
994 4020 1102 4106 Lyco!

487 4158 589 4243 spissa
606 4167 637 4222 te
654 4159 788 4223 nitidum
806 4182 906 4237 coma,

527 4274 605 4335 puro
623 4263 653 4316 te
672 4253 819 4330 similem,
840 4253 993 4339 Telephe,
1013 4250 1155 4337 Vespero

485 4346 671 4430 tempestiva
687 4348 765 4431 petit
782 4348 895 4414 Rhode
901 4373 910 4426 3

527 4461 577 4502 me
594 4438 696 4503 lentus
716 4438 871 4526 Glycerae
890 4451 984 4507 torret
1002 4459 1205 4506 amormeae.
