3225 5442
636 668 670 733 Q.
685 613 851 723 HORATIi
863 665 1004 724 FLACCI

457 826 550 902 eheu,
570 834 705 909 quantus
724 825 827 908 equis,
847 836 982 908 quantus
1001 827 1092 892 adest
1109 828 1179 892 viris

457 919 566 985 sudori
586 929 702 1003 quanta
718 941 828 983 moves
846 918 958 984 fun'era
973 920 1144 986 Dardanae

455 1013 555 1100 gentil
574 1014 637 1077 iam
654 1012 778 1099 galeam
794 1011 902 1077 Pallas
921 1022 952 1077 et
969 1014 1082 1100 aegida

519 1128 690 1189 eurmsque
708 1116 740 1171 et
755 1105 874 1171 rabiem
891 1117 990 1192 parat.

454 1246 665 1329 nequidquam
682 1245 816 1310 Veneris
833 1245 989 1331 praesidio
1008 1246 1098 1312 ferox

456 1350 563 1424 pectes
581 1340 765 1417 caesariem,
783 1348 934 1426 grataque
952 1340 1078 1405 feminis

455 1433 573 1498 imbelli
591 1433 709 1498 cithara
726 1433 865 1498 carmina
882 1433 1019 1512 divides3

519 1528 730 1610 nequidquam
748 1526 885 1591 thalamo
902 1550 1015 1613 graves

454 1663 561 1727 hastas
580 1672 611 1726 et
629 1663 740 1727 calami
759 1663 879 1748 spicula
898 1663 1008 1729 Cnosii
1104 1712 1108 1717 -

453 1755 567 1821 vitabis
587 1757 812 1842 strepitumque
831 1768 861 1821 et
878 1758 1011 1822 celerem
1030 1761 1118 1842 sequi

454 1851 601 1915 Aiacem:
620 1862 739 1930 tamen,
758 1850 834 1915 heul
855 1874 942 1916 serus
961 1852 1117 1919 adulteros

520 1945 621 2010 cultus
639 1946 768 2030 pulvere
786 1946 924 2010 collines.

456 2105 520 2145 non
536 2082 741 2159 Laertiaden,
761 2082 889 2146 exitium
908 2094 980 2148 tuae

455 2175 571 2261 gentiS,
590 2198 654 2240 non
671 2175 798 2261 Pylium
816 2176 949 2242 Nestora
966 2179 1116 2262 respicis?

455 2279 568 2355 urgent
585 2270 735 2354 impavidi
753 2283 784 2335 te
804 2269 994 2336 Salaminius

520 2362 655 2441 Teucer,
675 2373 705 2427 te
725 2363 908 2441 StheneluS,
928 2366 1030 2429 sciens

453 2523 592 2586 pugnae,
612 2500 679 2565 sive
696 2523 775 2586 opus
794 2511 843 2566 est
859 2501 1036 2586 imperitare
1055 2504 1152 2589 equis,

453 2617 516 2659 non
534 2594 643 2680 auriga
659 2594 762 2680 piger3
780 2594 947 2660 Merionen
964 2618 1089 2679 quoque

453 2711 575 2753 nosces.
595 2710 667 2753 ecce
685 2689 760 2752 furit
777 2700 809 2754 te
826 2690 960 2774 reperire
978 2699 1067 2755 atrox

518 2781 673 2867 Tydides,
692 2782 802 2847 melior
818 2792 920 2867 patre3

454 2940 548 3001 quem
567 2929 600 2982 tu
618 2941 728 2983 cervus
746 2918 793 2982 uti
810 2919 900 2983 vallis
918 2919 952 2982 in
970 2919 1067 2983 altera

456 3012 558 3077 visum
576 3022 663 3097 parte
681 3012 791 3097 lupum
809 3012 958 3098 graminis
976 3013 1140 3077 immemor

455 3106 581 3170 sublimi
599 3106 702 3192 fugies
720 3106 823 3171 mollis
842 3107 992 3183 anhelitu,

518 3224 581 3265 non
598 3201 658 3265 hoc
675 3202 832 3286 pollicitus
851 3211 933 3266 tuae.

455 3339 604 3403 iracunda
622 3341 706 3404 diem
722 3339 860 3425 proferet
876 3341 936 3405 Ilio

454 3434 664 3517 matronisque
682 3434 847 3521 Phrygum
865 3435 974 3500 elassis
992 3434 1143 3511 Achillei3

452 3535 525 3609 post
543 3538 642 3592 certas
660 3528 779 3593 hiemes
797 3538 866 3592 uret
883 3527 1043 3593 Achaicus

516 3620 599 3705 ignis
617 3622 730 3687 iliacas
749 3623 891 3687 domos.“

664 3848 862 3910 CARMEN
883 3849 975 3910 XVL

636 3983 705 4032 An
750 3984 1001 4056 Auream,

455 4105 486 4173 Ο
504 4117 603 4172 matre
621 4108 751 4193 pulchra
767 4109 832 4174 filia
848 4110 1014 4195 pulchrior,

453 4224 546 4283 quem
565 4202 738 4268 criminosis
756 4226 890 4287 cumque
908 4204 995 4269 voles
1013 4197 1142 4268 modum

493 4300 592 4379 po'nes
610 4295 736 4374 iambis,
756 4298 822 4363 sive
840 4298 974 4376 flamma,

538 4388 604 4451 sive
622 4390 700 4452 mari
716 4390 793 4455 libet
810 4392 982 4457 Hadriano.
