<?xml version="1.0" encoding="UTF-8"?>
<!DOCTYPE html PUBLIC "-//W3C//DTD XHTML 1.0 Transitional//EN"
    "http://www.w3.org/TR/xhtml1/DTD/xhtml1-transitional.dtd">
<html xmlns="http://www.w3.org/1999/xhtml" xml:lang="en" lang="en">
 <head>
  <title>
</title>
<meta http-equiv="Content-Type" content="text/html;charset=utf-8" />
  <meta name='ocr-system' content='tesseract 3.04.00' />
  <meta name='ocr-capabilities' content='ocr_page ocr_carea ocr_par ocr_line ocrx_word'/>
</head>
<body>
  <div class='ocr_page' id='page_1' title='image "./qhoratiiflaccio00stalgoog/qhoratiiflaccio00stalgoog_0047.png"; bbox 0 0 3225 5442; ppageno 0'>
   <div class='ocr_carea' id='block_1_1' title="bbox 608 717 1297 768">
    <p class='ocr_par' dir='ltr' id='par_1_1' title="bbox 608 717 1297 768">
     <span class='ocr_line' id='line_1_1' title="bbox 608 717 1297 768; baseline 0.009 -12"><span class='ocrx_word' id='word_1_1' title='bbox 608 718 636 768; x_wconf 82' lang='lat' dir='ltr'>Q.</span> <span class='ocrx_word' id='word_1_2' title='bbox 656 717 774 759; x_wconf 78' lang='lat' dir='ltr'>nouam</span> <span class='ocrx_word' id='word_1_3' title='bbox 791 717 897 759; x_wconf 81' lang='lat' dir='ltr'>FLACCI</span> <span class='ocrx_word' id='word_1_4' title='bbox 1200 717 1297 763; x_wconf 81' lang='lat' dir='ltr'>XLIII</span> 
     </span>
    </p>
   </div>
   <div class='ocr_carea' id='block_1_2' title="bbox 197 825 1300 976">
    <p class='ocr_par' dir='ltr' id='par_1_2' title="bbox 197 825 1300 976">
     <span class='ocr_line' id='line_1_2' title="bbox 201 825 1299 898; baseline 0.002 -15"><span class='ocrx_word' id='word_1_5' title='bbox 201 833 353 896; x_wconf 85' lang='lat' dir='ltr'>memorat,</span> <span class='ocrx_word' id='word_1_6' title='bbox 369 833 478 882; x_wconf 82' lang='lat' dir='ltr'>atvero</span> <span class='ocrx_word' id='word_1_7' title='bbox 492 826 575 881; x_wconf 90' lang='lat' dir='ltr'>etiam</span> <span class='ocrx_word' id='word_1_8' title='bbox 590 825 743 895; x_wconf 85' lang='lat' dir='ltr'>Alcmanis,</span> <span class='ocrx_word' id='word_1_9' title='bbox 763 845 870 881; x_wconf 88' lang='lat' dir='ltr'>summa</span> <span class='ocrx_word' id='word_1_10' title='bbox 880 845 952 898; x_wconf 90' lang='lat' dir='ltr'>quae</span> <span class='ocrx_word' id='word_1_11' title='bbox 974 845 1009 883; x_wconf 89' lang='lat' dir='ltr'>ue</span> <span class='ocrx_word' id='word_1_12' title='bbox 1023 830 1198 898; x_wconf 89' lang='lat' dir='ltr'>perduceret.</span> <span class='ocrx_word' id='word_1_13' title='bbox 1225 830 1299 895; x_wconf 82' lang='lat' dir='ltr'>Quo·</span> 
     </span>
     <span class='ocr_line' id='line_1_3' title="bbox 197 847 1300 976; baseline 0.001 -25"><span class='ocrx_word' id='word_1_14' title='bbox 197 896 402 976; x_wconf 81' lang='lat' dir='ltr'>&#39;Bacclrylidis,</span> <span class='ocrx_word' id='word_1_15' title='bbox 430 895 595 963; x_wconf 83' lang='lat' dir='ltr'>Simonidis,</span> <span class='ocrx_word' id='word_1_16' title='bbox 625 895 744 948; x_wconf 91' lang='lat' dir='ltr'>aliorum</span> <span class='ocrx_word' id='word_1_17' title='bbox 762 897 838 949; x_wconf 89' lang='lat' dir='ltr'>circa</span> <span class='ocrx_word' id='word_1_18' title='bbox 848 896 946 964; x_wconf 90' lang='lat' dir='ltr'>paucis</span> <span class='ocrx_word' id='word_1_19' title='bbox 955 847 1111 966; x_wconf 55' lang='lat' dir='ltr'>disperisse</span> <span class='ocrx_word' id='word_1_20' title='bbox 1121 898 1300 968; x_wconf 87' lang='lat' dir='ltr'>iuvabit,qua</span> 
     </span>
    </p>
   </div>
   <div class='ocr_carea' id='block_1_3' title="bbox 202 963 1301 1223">
    <p class='ocr_par' dir='ltr' id='par_1_3' title="bbox 202 963 1301 1223">
     <span class='ocr_line' id='line_1_4' title="bbox 202 963 1299 1035; baseline 0 -15"><span class='ocrx_word' id='word_1_21' title='bbox 202 982 329 1020; x_wconf 81' lang='lat' dir='ltr'>carmina</span> <span class='ocrx_word' id='word_1_22' title='bbox 347 964 484 1033; x_wconf 84' lang='lat' dir='ltr'>respexit,</span> <span class='ocrx_word' id='word_1_23' title='bbox 504 963 577 1016; x_wconf 87' lang='lat' dir='ltr'>sicut</span> <span class='ocrx_word' id='word_1_24' title='bbox 595 980 629 1017; x_wconf 85' lang='lat' dir='ltr'>ex</span> <span class='ocrx_word' id='word_1_25' title='bbox 647 979 744 1017; x_wconf 87' lang='lat' dir='ltr'>eorum</span> <span class='ocrx_word' id='word_1_26' title='bbox 762 965 872 1017; x_wconf 89' lang='lat' dir='ltr'>ratione</span> <span class='ocrx_word' id='word_1_27' title='bbox 881 964 929 1018; x_wconf 91' lang='lat' dir='ltr'>ille</span> <span class='ocrx_word' id='word_1_28' title='bbox 938 965 968 1018; x_wconf 84' lang='lat' dir='ltr'>iu</span> <span class='ocrx_word' id='word_1_29' title='bbox 980 965 1299 1035; x_wconf 90' lang='lat' dir='ltr'>condendislyriciscar·</span> 
     </span>
     <span class='ocr_line' id='line_1_5' title="bbox 202 1030 1301 1103; baseline 0.001 -16"><span class='ocrx_word' id='word_1_30' title='bbox 202 1032 371 1103; x_wconf 83' lang='lat' dir='ltr'>fragmentis</span> <span class='ocrx_word' id='word_1_31' title='bbox 380 1030 556 1101; x_wconf 85' lang='lat' dir='ltr'>intelligitur.</span> <span class='ocrx_word' id='word_1_32' title='bbox 570 1030 634 1095; x_wconf 84' lang='lat' dir='ltr'>Qua</span> <span class='ocrx_word' id='word_1_33' title='bbox 642 1047 672 1084; x_wconf 91' lang='lat' dir='ltr'>re</span> <span class='ocrx_word' id='word_1_34' title='bbox 682 1030 743 1098; x_wconf 90' lang='lat' dir='ltr'>ipsc</span> <span class='ocrx_word' id='word_1_35' title='bbox 762 1032 884 1085; x_wconf 81' lang='lat' dir='ltr'>minibus</span> <span class='ocrx_word' id='word_1_36' title='bbox 902 1039 1030 1085; x_wconf 85' lang='lat' dir='ltr'>versatus</span> <span class='ocrx_word' id='word_1_37' title='bbox 1049 1033 1098 1099; x_wconf 88' lang='lat' dir='ltr'>sit,</span> <span class='ocrx_word' id='word_1_38' title='bbox 1122 1034 1146 1086; x_wconf 93' lang='lat' dir='ltr'>si</span> <span class='ocrx_word' id='word_1_39' title='bbox 1168 1034 1242 1088; x_wconf 84' lang='lat' dir='ltr'>forte</span> <span class='ocrx_word' id='word_1_40' title='bbox 1261 1035 1301 1088; x_wconf 89' lang='lat' dir='ltr'>ita</span> 
     </span>
     <span class='ocr_line' id='line_1_6' title="bbox 203 1089 1301 1223; baseline 0.001 -69"><span class='ocrx_word' id='word_1_41' title='bbox 203 1102 345 1223; x_wconf 45' lang='lat' dir='ltr'>gloriatur</span> <span class='ocrx_word' id='word_1_42' title='bbox 353 1100 515 1167; x_wconf 83' lang='lat' dir='ltr'>identidem,</span> <span class='ocrx_word' id='word_1_43' title='bbox 526 1116 580 1153; x_wconf 90' lang='lat' dir='ltr'>uec</span> <span class='ocrx_word' id='word_1_44' title='bbox 589 1100 647 1152; x_wconf 95' lang='lat' dir='ltr'>ullo</span> <span class='ocrx_word' id='word_1_45' title='bbox 658 1099 742 1151; x_wconf 93' lang='lat' dir='ltr'>modo</span> <span class='ocrx_word' id='word_1_46' title='bbox 752 1089 823 1157; x_wconf 76' lang='lat' dir='ltr'>lfieri</span> <span class='ocrx_word' id='word_1_47' title='bbox 833 1100 932 1168; x_wconf 89' lang='lat' dir='ltr'>possit,</span> <span class='ocrx_word' id='word_1_48' title='bbox 941 1107 972 1152; x_wconf 92' lang='lat' dir='ltr'>ut</span> <span class='ocrx_word' id='word_1_49' title='bbox 982 1118 1038 1154; x_wconf 88' lang='lat' dir='ltr'>una</span> <span class='ocrx_word' id='word_1_50' title='bbox 1048 1101 1203 1181; x_wconf 87' lang='lat' dir='ltr'>eademque</span> <span class='ocrx_word' id='word_1_51' title='bbox 1214 1119 1301 1170; x_wconf 90' lang='lat' dir='ltr'>opera</span> 
     </span>
    </p>
   </div>
   <div class='ocr_carea' id='block_1_4' title="bbox 202 1167 1308 4355">
    <p class='ocr_par' dir='ltr' id='par_1_4' title="bbox 202 1167 1307 3730">
     <span class='ocr_line' id='line_1_7' title="bbox 226 1167 1301 1239; baseline 0.002 -18"><span class='ocrx_word' id='word_1_52' title='bbox 226 1168 386 1222; x_wconf 87' lang='lat' dir='ltr'>issimulaus</span> <span class='ocrx_word' id='word_1_53' title='bbox 399 1167 430 1220; x_wconf 91' lang='lat' dir='ltr'>id</span> <span class='ocrx_word' id='word_1_54' title='bbox 444 1167 499 1220; x_wconf 90' lang='lat' dir='ltr'>sibi</span> <span class='ocrx_word' id='word_1_55' title='bbox 513 1167 601 1221; x_wconf 87' lang='lat' dir='ltr'>fuisse</span> <span class='ocrx_word' id='word_1_56' title='bbox 615 1167 743 1236; x_wconf 90' lang='lat' dir='ltr'>proposi·</span> <span class='ocrx_word' id='word_1_57' title='bbox 762 1168 847 1221; x_wconf 90' lang='lat' dir='ltr'>etiam</span> <span class='ocrx_word' id='word_1_58' title='bbox 861 1168 903 1220; x_wconf 89' lang='lat' dir='ltr'>vis</span> <span class='ocrx_word' id='word_1_59' title='bbox 922 1174 951 1222; x_wconf 91' lang='lat' dir='ltr'>et</span> <span class='ocrx_word' id='word_1_60' title='bbox 963 1174 1064 1221; x_wconf 87' lang='lat' dir='ltr'>natura</span> <span class='ocrx_word' id='word_1_61' title='bbox 1103 1185 1177 1223; x_wconf 85' lang='lat' dir='ltr'>oesrs</span> <span class='ocrx_word' id='word_1_62' title='bbox 1196 1169 1301 1239; x_wconf 82' lang='lat' dir='ltr'>lyricae</span> 
     </span>
     <span class='ocr_line' id='line_1_8' title="bbox 203 1187 1301 1307; baseline -0.001 -17"><span class='ocrx_word' id='word_1_63' title='bbox 203 1247 278 1304; x_wconf 87' lang='lat' dir='ltr'>tum,</span> <span class='ocrx_word' id='word_1_64' title='bbox 292 1243 324 1289; x_wconf 90' lang='lat' dir='ltr'>ut</span> <span class='ocrx_word' id='word_1_65' title='bbox 332 1236 450 1305; x_wconf 87' lang='lat' dir='ltr'>lyricam</span> <span class='ocrx_word' id='word_1_66' title='bbox 459 1236 559 1304; x_wconf 90' lang='lat' dir='ltr'>poesin</span> <span class='ocrx_word' id='word_1_67' title='bbox 570 1234 743 1289; x_wconf 83' lang='lat' dir='ltr'>Graecorum</span> <span class='ocrx_word' id='word_1_68' title='bbox 762 1235 936 1289; x_wconf 86' lang='lat' dir='ltr'>Horatianae</span> <span class='ocrx_word' id='word_1_69' title='bbox 951 1252 1007 1289; x_wconf 91' lang='lat' dir='ltr'>non</span> <span class='ocrx_word' id='word_1_70' title='bbox 1018 1187 1301 1307; x_wconf 59' lang='lat' dir='ltr'>nihifcognoscatur.</span> 
     </span>
     <span class='ocr_line' id='line_1_9' title="bbox 202 1302 1301 1358; baseline 0 0"><span class='ocrx_word' id='word_1_71' title='bbox 202 1306 235 1358; x_wconf 92' lang='lat' dir='ltr'>in</span> <span class='ocrx_word' id='word_1_72' title='bbox 257 1304 333 1358; x_wconf 91' lang='lat' dir='ltr'>Latii</span> <span class='ocrx_word' id='word_1_73' title='bbox 358 1306 449 1356; x_wconf 91' lang='lat' dir='ltr'>solum</span> <span class='ocrx_word' id='word_1_74' title='bbox 470 1302 645 1356; x_wconf 82' lang='lat' dir='ltr'>transferret</span> <span class='ocrx_word' id='word_1_75' title='bbox 672 1303 743 1355; x_wconf 89' lang='lat' dir='ltr'>Nam</span> <span class='ocrx_word' id='word_1_76' title='bbox 787 1304 924 1358; x_wconf 91' lang='lat' dir='ltr'>Videmur</span> <span class='ocrx_word' id='word_1_77' title='bbox 943 1311 1036 1358; x_wconf 87' lang='lat' dir='ltr'>autem</span> <span class='ocrx_word' id='word_1_78' title='bbox 1053 1322 1111 1357; x_wconf 93' lang='lat' dir='ltr'>non</span> <span class='ocrx_word' id='word_1_79' title='bbox 1125 1311 1230 1358; x_wconf 92' lang='lat' dir='ltr'>temere</span> <span class='ocrx_word' id='word_1_80' title='bbox 1246 1311 1301 1358; x_wconf 87' lang='lat' dir='ltr'>sta·</span> 
     </span>
     <span class='ocr_line' id='line_1_10' title="bbox 204 1370 1300 1442; baseline 0.001 -17"><span class='ocrx_word' id='word_1_81' title='bbox 204 1372 296 1425; x_wconf 81' lang='lat' dir='ltr'>Carm.</span> <span class='ocrx_word' id='word_1_82' title='bbox 305 1372 357 1424; x_wconf 88' lang='lat'><em>111.</em></span> <span class='ocrx_word' id='word_1_83' title='bbox 366 1371 408 1424; x_wconf 88' lang='lat'>30.</span> <span class='ocrx_word' id='word_1_84' title='bbox 423 1371 542 1435; x_wconf 83' lang='lat' dir='ltr'>‚,Dr&#39;car,</span> <span class='ocrx_word' id='word_1_85' title='bbox 555 1370 658 1440; x_wconf 88' lang='lat' dir='ltr'>inquit,</span> <span class='ocrx_word' id='word_1_86' title='bbox 669 1373 743 1439; x_wconf 74' lang='lat' dir='ltr'>prin-</span> <span class='ocrx_word' id='word_1_87' title='bbox 762 1378 841 1424; x_wconf 87' lang='lat' dir='ltr'>tuere</span> <span class='ocrx_word' id='word_1_88' title='bbox 857 1377 886 1423; x_wconf 90' lang='lat' dir='ltr'>et</span> <span class='ocrx_word' id='word_1_89' title='bbox 899 1372 1067 1439; x_wconf 80' lang='lat' dir='ltr'>existimare,</span> <span class='ocrx_word' id='word_1_90' title='bbox 1082 1373 1231 1426; x_wconf 85' lang='lat' dir='ltr'>Horatium</span> <span class='ocrx_word' id='word_1_91' title='bbox 1246 1373 1300 1442; x_wconf 91' lang='lat' dir='ltr'>pri·</span> 
     </span>
     <span class='ocr_line' id='line_1_11' title="bbox 203 1439 1301 1509; baseline 0.002 -17"><span class='ocrx_word' id='word_1_92' title='bbox 203 1458 266 1509; x_wconf 82' lang='lat' dir='ltr'>ceps</span> <span class='ocrx_word' id='word_1_93' title='bbox 282 1441 403 1492; x_wconf 82' lang='lat' dir='ltr'>Aeolium</span> <span class='ocrx_word' id='word_1_94' title='bbox 420 1456 525 1491; x_wconf 81' lang='lat' dir='ltr'>carmen</span> <span class='ocrx_word' id='word_1_95' title='bbox 547 1442 582 1490; x_wconf 78' lang='lat' dir='ltr'>aa</span> <span class='ocrx_word' id='word_1_96' title='bbox 599 1441 684 1491; x_wconf 77' lang='lat' dir='ltr'>Italos</span> <span class='ocrx_word' id='word_1_97' title='bbox 701 1440 743 1490; x_wconf 79' lang='lat' dir='ltr'>rie·</span> <span class='ocrx_word' id='word_1_98' title='bbox 762 1457 836 1491; x_wconf 90' lang='lat' dir='ltr'>mum</span> <span class='ocrx_word' id='word_1_99' title='bbox 866 1439 957 1491; x_wconf 91' lang='lat' dir='ltr'>uidem</span> <span class='ocrx_word' id='word_1_100' title='bbox 972 1440 1129 1494; x_wconf 85' lang='lat' dir='ltr'>iudicantes</span> <span class='ocrx_word' id='word_1_101' title='bbox 1143 1441 1301 1494; x_wconf 90' lang='lat' dir='ltr'>idcoincc·</span> 
     </span>
     <span class='ocr_line' id='line_1_12' title="bbox 202 1456 1302 1576; baseline 0 -16"><span class='ocrx_word' id='word_1_102' title='bbox 202 1510 308 1560; x_wconf 66' lang='lat' dir='ltr'>durare</span> <span class='ocrx_word' id='word_1_103' title='bbox 320 1509 418 1559; x_wconf 81' lang='lat' dir='ltr'>modas.</span> <span class='ocrx_word' id='word_1_104' title='bbox 437 1504 528 1559; x_wconf 84' lang='lat' dir='ltr'>Carm.</span> <span class='ocrx_word' id='word_1_105' title='bbox 542 1506 591 1560; x_wconf 91' lang='lat' dir='ltr'>lV.</span> <span class='ocrx_word' id='word_1_106' title='bbox 605 1507 636 1558; x_wconf 84' lang='lat'>3:</span> <span class='ocrx_word' id='word_1_107' title='bbox 668 1507 744 1565; x_wconf 71' lang='lat' dir='ltr'>erad</span> <span class='ocrx_word' id='word_1_108' title='bbox 763 1456 963 1576; x_wconf 56' lang='lat' dir='ltr'>lendonricae</span> <span class='ocrx_word' id='word_1_109' title='bbox 973 1508 1068 1576; x_wconf 88' lang='lat' dir='ltr'>poesis</span> <span class='ocrx_word' id='word_1_110' title='bbox 1079 1509 1171 1562; x_wconf 89' lang='lat' dir='ltr'>studio</span> <span class='ocrx_word' id='word_1_111' title='bbox 1182 1508 1302 1562; x_wconf 76' lang='lat' dir='ltr'>feliciter</span> 
     </span>
     <span class='ocr_line' id='line_1_13' title="bbox 203 1574 1300 1655; baseline 0 -28"><span class='ocrx_word' id='word_1_112' title='bbox 203 1584 337 1627; x_wconf 79' lang='lat' dir='ltr'>monstror</span> <span class='ocrx_word' id='word_1_113' title='bbox 353 1576 432 1643; x_wconf 76' lang='lat' dir='ltr'>dr&#39;qr&#39;to</span> <span class='ocrx_word' id='word_1_114' title='bbox 453 1576 673 1643; x_wconf 79' lang='lat' dir='ltr'>praetereuntium</span> <span class='ocrx_word' id='word_1_115' title='bbox 690 1575 744 1625; x_wconf 83' lang='lat' dir='ltr'>Ro·</span> <span class='ocrx_word' id='word_1_116' title='bbox 763 1574 936 1640; x_wconf 80' lang='lat' dir='ltr'>elaborasse,</span> <span class='ocrx_word' id='word_1_117' title='bbox 962 1577 1019 1628; x_wconf 92' lang='lat' dir='ltr'>uod</span> <span class='ocrx_word' id='word_1_118' title='bbox 1029 1577 1201 1655; x_wconf 87' lang='lat' dir='ltr'>gcnusillius</span> <span class='ocrx_word' id='word_1_119' title='bbox 1211 1577 1240 1630; x_wconf 92' lang='lat' dir='ltr'>id</span> <span class='ocrx_word' id='word_1_120' title='bbox 1248 1577 1300 1628; x_wconf 90' lang='lat' dir='ltr'>sibi</span> 
     </span>
     <span class='ocr_line' id='line_1_14' title="bbox 203 1593 1302 1714; baseline 0.001 -19"><span class='ocrx_word' id='word_1_121' title='bbox 203 1660 299 1695; x_wconf 81' lang='lat' dir='ltr'>manae</span> <span class='ocrx_word' id='word_1_122' title='bbox 307 1644 549 1712; x_wconf 81' lang='lat' dir='ltr'>fidicenlyraeetc.</span> <span class='ocrx_word' id='word_1_123' title='bbox 570 1641 746 1698; x_wconf 82' lang='lat' dir='ltr'>Carm.ll.16:</span> <span class='ocrx_word' id='word_1_124' title='bbox 763 1593 1066 1713; x_wconf 42' lang='lat' dir='ltr'>tractandumffielegrt,</span> <span class='ocrx_word' id='word_1_125' title='bbox 1073 1646 1149 1714; x_wconf 91' lang='lat' dir='ltr'>quod</span> <span class='ocrx_word' id='word_1_126' title='bbox 1157 1644 1302 1713; x_wconf 87' lang='lat' dir='ltr'>suoipsius</span> 
     </span>
     <span class='ocr_line' id='line_1_15' title="bbox 202 1710 1303 1781; baseline 0.002 -18"><span class='ocrx_word' id='word_1_127' title='bbox 202 1712 332 1779; x_wconf 73' lang='lat' dir='ltr'>Spa-itam</span> <span class='ocrx_word' id='word_1_128' title='bbox 365 1711 465 1762; x_wconf 81' lang='lat' dir='ltr'>Graiae</span> <span class='ocrx_word' id='word_1_129' title='bbox 490 1718 590 1762; x_wconf 80' lang='lat' dir='ltr'>tenuem</span> <span class='ocrx_word' id='word_1_130' title='bbox 617 1711 746 1762; x_wconf 84' lang='lat' dir='ltr'>Camenae</span> <span class='ocrx_word' id='word_1_131' title='bbox 762 1710 877 1778; x_wconf 88' lang='lat' dir='ltr'>ingenio</span> <span class='ocrx_word' id='word_1_132' title='bbox 893 1716 978 1781; x_wconf 88' lang='lat' dir='ltr'>atque</span> <span class='ocrx_word' id='word_1_133' title='bbox 990 1712 1083 1765; x_wconf 90' lang='lat' dir='ltr'>animo</span> <span class='ocrx_word' id='word_1_134' title='bbox 1097 1712 1215 1766; x_wconf 81' lang='lat' dir='ltr'>maxime</span> <span class='ocrx_word' id='word_1_135' title='bbox 1226 1718 1303 1766; x_wconf 90' lang='lat' dir='ltr'>esset</span> 
     </span>
     <span class='ocr_line' id='line_1_16' title="bbox 202 1776 1302 1850; baseline 0.002 -19"><span class='ocrx_word' id='word_1_136' title='bbox 202 1780 295 1831; x_wconf 88' lang='lat' dir='ltr'>Parca</span> <span class='ocrx_word' id='word_1_137' title='bbox 317 1795 371 1829; x_wconf 81' lang='lat' dir='ltr'>aaa</span> <span class='ocrx_word' id='word_1_138' title='bbox 392 1779 503 1830; x_wconf 77' lang='lat' dir='ltr'>mendac</span> <span class='ocrx_word' id='word_1_139' title='bbox 525 1780 601 1830; x_wconf 81' lang='lat' dir='ltr'>dedit.</span> <span class='ocrx_word' id='word_1_140' title='bbox 629 1776 703 1831; x_wconf 89' lang='lat' dir='ltr'>conf.</span> <span class='ocrx_word' id='word_1_141' title='bbox 722 1777 744 1828; x_wconf 92' lang='grc' dir='ltr'>Ι.</span> <span class='ocrx_word' id='word_1_142' title='bbox 764 1779 943 1832; x_wconf 87' lang='lat' dir='ltr'>conveniens.</span> <span class='ocrx_word' id='word_1_143' title='bbox 963 1779 1302 1850; x_wconf 80' lang='lat' dir='ltr'>Quippenentiquamille</span> 
     </span>
     <span class='ocr_line' id='line_1_17' title="bbox 202 1844 1302 1917; baseline -0.001 -17"><span class='ocrx_word' id='word_1_144' title='bbox 202 1848 248 1914; x_wconf 79' lang='lat'>32,</span> <span class='ocrx_word' id='word_1_145' title='bbox 262 1845 288 1899; x_wconf 83' lang='lat'>3.</span> <span class='ocrx_word' id='word_1_146' title='bbox 314 1846 365 1901; x_wconf 87' lang='lat' dir='ltr'>lv.</span> <span class='ocrx_word' id='word_1_147' title='bbox 379 1845 404 1913; x_wconf 87' lang='lat'>3,</span> <span class='ocrx_word' id='word_1_148' title='bbox 420 1845 461 1898; x_wconf 79' lang='lat'>12.</span> <span class='ocrx_word' id='word_1_149' title='bbox 487 1845 538 1901; x_wconf 82' lang='lat' dir='ltr'>lv.</span> <span class='ocrx_word' id='word_1_150' title='bbox 548 1846 573 1911; x_wconf 83' lang='lat'>6,</span> <span class='ocrx_word' id='word_1_151' title='bbox 587 1844 629 1898; x_wconf 87' lang='lat'>35.</span> <span class='ocrx_word' id='word_1_152' title='bbox 639 1907 643 1917; x_wconf 38' lang='grc' dir='ltr'>Ι</span> <span class='ocrx_word' id='word_1_153' title='bbox 655 1845 704 1899; x_wconf 88' lang='lat' dir='ltr'>IV.</span> <span class='ocrx_word' id='word_1_154' title='bbox 718 1845 744 1912; x_wconf 87' lang='lat'>9,</span> <span class='ocrx_word' id='word_1_155' title='bbox 764 1846 926 1914; x_wconf 86' lang='lat' dir='ltr'>complexus</span> <span class='ocrx_word' id='word_1_156' title='bbox 938 1855 981 1899; x_wconf 90' lang='lat' dir='ltr'>est</span> <span class='ocrx_word' id='word_1_157' title='bbox 990 1864 1100 1900; x_wconf 91' lang='lat' dir='ltr'>omnem</span> <span class='ocrx_word' id='word_1_158' title='bbox 1114 1848 1219 1917; x_wconf 79' lang='lat' dir='ltr'>lyricae</span> <span class='ocrx_word' id='word_1_159' title='bbox 1234 1849 1302 1901; x_wconf 88' lang='lat' dir='ltr'>artis</span> 
     </span>
     <span class='ocr_line' id='line_1_18' title="bbox 204 1912 1303 1985; baseline 0.001 -18"><span class='ocrx_word' id='word_1_160' title='bbox 204 1916 246 1967; x_wconf 90' lang='lat'>11.</span> <span class='ocrx_word' id='word_1_161' title='bbox 268 1913 360 1982; x_wconf 86' lang='lat' dir='ltr'>Epist.</span> <span class='ocrx_word' id='word_1_162' title='bbox 373 1912 396 1966; x_wconf 93' lang='lat' dir='ltr'>I.</span> <span class='ocrx_word' id='word_1_163' title='bbox 406 1913 448 1980; x_wconf 84' lang='lat'>19,</span> <span class='ocrx_word' id='word_1_164' title='bbox 462 1913 504 1966; x_wconf 80' lang='lat'>32.</span> <span class='ocrx_word' id='word_1_165' title='bbox 530 1913 667 1967; x_wconf 88' lang='lat' dir='ltr'>Nimirum</span> <span class='ocrx_word' id='word_1_166' title='bbox 684 1914 744 1981; x_wconf 87' lang='lat' dir='ltr'>glo·</span> <span class='ocrx_word' id='word_1_167' title='bbox 764 1913 1303 1985; x_wconf 86' lang='lat' dir='ltr'>vimrationemque,nequemultiplicia</span> 
     </span>
     <span class='ocr_line' id='line_1_19' title="bbox 203 1980 1303 2051; baseline 0 -16"><span class='ocrx_word' id='word_1_168' title='bbox 203 1983 294 2035; x_wconf 83' lang='lat' dir='ltr'>rietus</span> <span class='ocrx_word' id='word_1_169' title='bbox 304 1982 360 2034; x_wconf 90' lang='lat' dir='ltr'>hac</span> <span class='ocrx_word' id='word_1_170' title='bbox 369 1998 399 2034; x_wconf 92' lang='lat' dir='ltr'>re</span> <span class='ocrx_word' id='word_1_171' title='bbox 408 1987 495 2049; x_wconf 87' lang='lat' dir='ltr'>poeta</span> <span class='ocrx_word' id='word_1_172' title='bbox 505 1986 549 2034; x_wconf 92' lang='lat' dir='ltr'>est</span> <span class='ocrx_word' id='word_1_173' title='bbox 558 1998 625 2035; x_wconf 88' lang='lat' dir='ltr'>suae</span> <span class='ocrx_word' id='word_1_174' title='bbox 632 1980 744 2034; x_wconf 88' lang='lat' dir='ltr'>sibivir·</span> <span class='ocrx_word' id='word_1_175' title='bbox 765 1982 882 2034; x_wconf 91' lang='lat' dir='ltr'>odarum</span> <span class='ocrx_word' id='word_1_176' title='bbox 900 1998 1007 2051; x_wconf 87' lang='lat' dir='ltr'>genera</span> <span class='ocrx_word' id='word_1_177' title='bbox 1024 1989 1134 2037; x_wconf 87' lang='lat' dir='ltr'>tentare</span> <span class='ocrx_word' id='word_1_178' title='bbox 1151 2000 1236 2036; x_wconf 89' lang='lat' dir='ltr'>ausus</span> <span class='ocrx_word' id='word_1_179' title='bbox 1251 1991 1303 2036; x_wconf 85' lang='lat' dir='ltr'>est.</span> 
     </span>
     <span class='ocr_line' id='line_1_20' title="bbox 203 2048 1303 2119; baseline 0 -16"><span class='ocrx_word' id='word_1_180' title='bbox 203 2049 273 2103; x_wconf 88' lang='lat' dir='ltr'>tutis</span> <span class='ocrx_word' id='word_1_181' title='bbox 296 2048 446 2118; x_wconf 84' lang='lat' dir='ltr'>conscius,</span> <span class='ocrx_word' id='word_1_182' title='bbox 473 2048 577 2118; x_wconf 90' lang='lat' dir='ltr'>quippe</span> <span class='ocrx_word' id='word_1_183' title='bbox 601 2049 650 2118; x_wconf 94' lang='lat' dir='ltr'>qui</span> <span class='ocrx_word' id='word_1_184' title='bbox 668 2049 746 2118; x_wconf 93' lang='lat' dir='ltr'>quod</span> <span class='ocrx_word' id='word_1_185' title='bbox 763 2049 824 2102; x_wconf 92' lang='lat' dir='ltr'>Imo</span> <span class='ocrx_word' id='word_1_186' title='bbox 834 2049 1244 2117; x_wconf 88' lang='lat' dir='ltr'>prudentissimodelectueam</span> <span class='ocrx_word' id='word_1_187' title='bbox 1254 2067 1303 2119; x_wconf 93' lang='lat' dir='ltr'>po·</span> 
     </span>
     <span class='ocr_line' id='line_1_21' title="bbox 205 2115 1303 2187; baseline -0.001 -16"><span class='ocrx_word' id='word_1_188' title='bbox 205 2134 278 2186; x_wconf 87' lang='lat' dir='ltr'>opus</span> <span class='ocrx_word' id='word_1_189' title='bbox 288 2116 392 2185; x_wconf 89' lang='lat' dir='ltr'>primns</span> <span class='ocrx_word' id='word_1_190' title='bbox 402 2117 563 2185; x_wconf 84' lang='lat' dir='ltr'>incepisset,</span> <span class='ocrx_word' id='word_1_191' title='bbox 578 2116 652 2170; x_wconf 92' lang='lat' dir='ltr'>idem</span> <span class='ocrx_word' id='word_1_192' title='bbox 662 2115 745 2169; x_wconf 89' lang='lat' dir='ltr'>etiam</span> <span class='ocrx_word' id='word_1_193' title='bbox 764 2116 900 2169; x_wconf 85' lang='lat' dir='ltr'>tissimum</span> <span class='ocrx_word' id='word_1_194' title='bbox 911 2118 1016 2186; x_wconf 85' lang='lat' dir='ltr'>lyricae</span> <span class='ocrx_word' id='word_1_195' title='bbox 1027 2119 1121 2186; x_wconf 85' lang='lat' dir='ltr'>poesis</span> <span class='ocrx_word' id='word_1_196' title='bbox 1130 2125 1239 2187; x_wconf 88' lang='lat' dir='ltr'>partem</span> <span class='ocrx_word' id='word_1_197' title='bbox 1250 2118 1303 2171; x_wconf 90' lang='lat' dir='ltr'>sibi</span> 
     </span>
     <span class='ocr_line' id='line_1_22' title="bbox 203 2184 1303 2254; baseline 0.001 -16"><span class='ocrx_word' id='word_1_198' title='bbox 203 2184 745 2254; x_wconf 82' lang='lat' dir='ltr'>raraingeniifelicitateadfinemusqnc</span> <span class='ocrx_word' id='word_1_199' title='bbox 766 2186 914 2238; x_wconf 84' lang='lat' dir='ltr'>colendam</span> <span class='ocrx_word' id='word_1_200' title='bbox 934 2186 1046 2251; x_wconf 88' lang='lat' dir='ltr'>sumsit,</span> <span class='ocrx_word' id='word_1_201' title='bbox 1071 2186 1115 2238; x_wconf 93' lang='lat' dir='ltr'>cui</span> <span class='ocrx_word' id='word_1_202' title='bbox 1137 2187 1303 2239; x_wconf 85' lang='lat' dir='ltr'>tractandae</span> 
     </span>
     <span class='ocr_line' id='line_1_23' title="bbox 203 2252 1304 2323; baseline 0 -17"><span class='ocrx_word' id='word_1_203' title='bbox 203 2252 426 2323; x_wconf 81' lang='lat' dir='ltr'>profligavisset.</span> <span class='ocrx_word' id='word_1_204' title='bbox 453 2254 525 2307; x_wconf 87' lang='lat' dir='ltr'>Nam</span> <span class='ocrx_word' id='word_1_205' title='bbox 544 2252 669 2307; x_wconf 83' lang='lat' dir='ltr'>absolvit</span> <span class='ocrx_word' id='word_1_206' title='bbox 678 2269 746 2305; x_wconf 89' lang='lat' dir='ltr'>sane</span> <span class='ocrx_word' id='word_1_207' title='bbox 765 2259 850 2322; x_wconf 90' lang='lat' dir='ltr'>atque</span> <span class='ocrx_word' id='word_1_208' title='bbox 861 2253 1045 2307; x_wconf 87' lang='lat' dir='ltr'>illustrandae</span> <span class='ocrx_word' id='word_1_209' title='bbox 1056 2270 1118 2315; x_wconf 84' lang='lat' dir='ltr'>sese</span> <span class='ocrx_word' id='word_1_210' title='bbox 1128 2254 1246 2306; x_wconf 88' lang='lat' dir='ltr'>maxime</span> <span class='ocrx_word' id='word_1_211' title='bbox 1257 2271 1304 2321; x_wconf 91' lang='lat' dir='ltr'>pa·</span> 
     </span>
     <span class='ocr_line' id='line_1_24' title="bbox 204 2319 1304 2390; baseline -0.002 -15"><span class='ocrx_word' id='word_1_212' title='bbox 204 2338 241 2375; x_wconf 89' lang='lat' dir='ltr'>ac</span> <span class='ocrx_word' id='word_1_213' title='bbox 253 2320 375 2390; x_wconf 86' lang='lat' dir='ltr'>perfecit</span> <span class='ocrx_word' id='word_1_214' title='bbox 388 2338 487 2374; x_wconf 87' lang='lat' dir='ltr'>munus</span> <span class='ocrx_word' id='word_1_215' title='bbox 501 2321 556 2389; x_wconf 89' lang='lat' dir='ltr'>ipsi</span> <span class='ocrx_word' id='word_1_216' title='bbox 570 2320 747 2389; x_wconf 90' lang='lat' dir='ltr'>propositum</span> <span class='ocrx_word' id='word_1_217' title='bbox 764 2338 824 2374; x_wconf 91' lang='lat' dir='ltr'>rem</span> <span class='ocrx_word' id='word_1_218' title='bbox 843 2321 960 2374; x_wconf 86' lang='lat' dir='ltr'>sentiret</span> <span class='ocrx_word' id='word_1_219' title='bbox 977 2338 1048 2375; x_wconf 86' lang='lat' dir='ltr'>esse.</span> <span class='ocrx_word' id='word_1_220' title='bbox 1089 2319 1200 2375; x_wconf 87' lang='lat' dir='ltr'>Etenim</span> <span class='ocrx_word' id='word_1_221' title='bbox 1219 2338 1304 2390; x_wconf 88' lang='lat' dir='ltr'>quum</span> 
     </span>
     <span class='ocr_line' id='line_1_25' title="bbox 205 2388 1304 2469; baseline -0.002 -27"><span class='ocrx_word' id='word_1_222' title='bbox 205 2390 261 2456; x_wconf 89' lang='lat' dir='ltr'>sic,</span> <span class='ocrx_word' id='word_1_223' title='bbox 288 2394 321 2441; x_wconf 90' lang='lat' dir='ltr'>ut</span> <span class='ocrx_word' id='word_1_224' title='bbox 338 2393 368 2442; x_wconf 90' lang='lat' dir='ltr'>et</span> <span class='ocrx_word' id='word_1_225' title='bbox 385 2390 552 2469; x_wconf 84' lang='lat' dir='ltr'>aequalibus</span> <span class='ocrx_word' id='word_1_226' title='bbox 575 2393 605 2442; x_wconf 91' lang='lat' dir='ltr'>et</span> <span class='ocrx_word' id='word_1_227' title='bbox 625 2388 747 2457; x_wconf 87' lang='lat' dir='ltr'>posteris</span> <span class='ocrx_word' id='word_1_228' title='bbox 766 2391 822 2442; x_wconf 92' lang='lat' dir='ltr'>duo</span> <span class='ocrx_word' id='word_1_229' title='bbox 837 2389 1012 2457; x_wconf 89' lang='lat' dir='ltr'>potissimum</span> <span class='ocrx_word' id='word_1_230' title='bbox 1028 2389 1132 2459; x_wconf 86' lang='lat' dir='ltr'>lyricae</span> <span class='ocrx_word' id='word_1_231' title='bbox 1147 2389 1242 2457; x_wconf 90' lang='lat' dir='ltr'>poesis</span> <span class='ocrx_word' id='word_1_232' title='bbox 1258 2405 1304 2458; x_wconf 88' lang='lat' dir='ltr'>ge-</span> 
     </span>
     <span class='ocr_line' id='line_1_26' title="bbox 206 2456 1304 2527; baseline 0 -18"><span class='ocrx_word' id='word_1_233' title='bbox 206 2456 374 2511; x_wconf 88' lang='lat' dir='ltr'>inimitabile</span> <span class='ocrx_word' id='word_1_234' title='bbox 386 2463 455 2511; x_wconf 85' lang='lat' dir='ltr'>artis</span> <span class='ocrx_word' id='word_1_235' title='bbox 470 2458 627 2525; x_wconf 84' lang='lat' dir='ltr'>exemplum</span> <span class='ocrx_word' id='word_1_236' title='bbox 644 2474 747 2525; x_wconf 91' lang='lat' dir='ltr'>propo·</span> <span class='ocrx_word' id='word_1_237' title='bbox 765 2474 835 2511; x_wconf 89' lang='lat' dir='ltr'>nera</span> <span class='ocrx_word' id='word_1_238' title='bbox 849 2456 970 2510; x_wconf 89' lang='lat' dir='ltr'>discerni</span> <span class='ocrx_word' id='word_1_239' title='bbox 990 2464 1102 2527; x_wconf 90' lang='lat' dir='ltr'>queant,</span> <span class='ocrx_word' id='word_1_240' title='bbox 1118 2475 1204 2510; x_wconf 91' lang='lat' dir='ltr'>unum</span> <span class='ocrx_word' id='word_1_241' title='bbox 1218 2456 1304 2509; x_wconf 91' lang='lat' dir='ltr'>subli-</span> 
     </span>
     <span class='ocr_line' id='line_1_27' title="bbox 207 2523 1304 2595; baseline -0.002 -16"><span class='ocrx_word' id='word_1_242' title='bbox 207 2525 299 2579; x_wconf 90' lang='lat' dir='ltr'>suisse</span> <span class='ocrx_word' id='word_1_243' title='bbox 316 2523 457 2579; x_wconf 88' lang='lat' dir='ltr'>iudicatus</span> <span class='ocrx_word' id='word_1_244' title='bbox 477 2525 526 2593; x_wconf 87' lang='lat' dir='ltr'>sit,</span> <span class='ocrx_word' id='word_1_245' title='bbox 546 2526 624 2593; x_wconf 92' lang='lat' dir='ltr'>quod</span> <span class='ocrx_word' id='word_1_246' title='bbox 637 2542 654 2579; x_wconf 91' lang='lat' dir='ltr'>a</span> <span class='ocrx_word' id='word_1_247' title='bbox 667 2526 746 2578; x_wconf 92' lang='lat' dir='ltr'>nullo</span> <span class='ocrx_word' id='word_1_248' title='bbox 766 2542 818 2592; x_wconf 92' lang='lat' dir='ltr'>me,</span> <span class='ocrx_word' id='word_1_249' title='bbox 829 2526 946 2594; x_wconf 86' lang='lat' dir='ltr'>grande,</span> <span class='ocrx_word' id='word_1_250' title='bbox 957 2525 1144 2595; x_wconf 86' lang='lat' dir='ltr'>magnificum,</span> <span class='ocrx_word' id='word_1_251' title='bbox 1161 2525 1304 2593; x_wconf 87' lang='lat' dir='ltr'>cuiuspri·</span> 
     </span>
     <span class='ocr_line' id='line_1_28' title="bbox 208 2593 1304 2672; baseline -0.002 -24"><span class='ocrx_word' id='word_1_252' title='bbox 208 2593 340 2663; x_wconf 87' lang='lat' dir='ltr'>populari</span> <span class='ocrx_word' id='word_1_253' title='bbox 347 2594 747 2672; x_wconf 88' lang='lat' dir='ltr'>posteaunquamsitsupera-</span> <span class='ocrx_word' id='word_1_254' title='bbox 765 2594 854 2646; x_wconf 87' lang='lat' dir='ltr'>maria</span> <span class='ocrx_word' id='word_1_255' title='bbox 871 2593 959 2646; x_wconf 81' lang='lat' dir='ltr'>virtus</span> <span class='ocrx_word' id='word_1_256' title='bbox 978 2594 1102 2647; x_wconf 89' lang='lat' dir='ltr'>cernitur</span> <span class='ocrx_word' id='word_1_257' title='bbox 1114 2595 1142 2645; x_wconf 86' lang='lat' dir='ltr'>in</span> <span class='ocrx_word' id='word_1_258' title='bbox 1156 2593 1304 2646; x_wconf 84' lang='lat' dir='ltr'>maiestate</span> 
     </span>
     <span class='ocr_line' id='line_1_29' title="bbox 209 2659 1306 2731; baseline -0.003 -16"><span class='ocrx_word' id='word_1_259' title='bbox 209 2670 275 2715; x_wconf 87' lang='lat' dir='ltr'>tum.</span> <span class='ocrx_word' id='word_1_260' title='bbox 293 2661 367 2715; x_wconf 88' lang='lat' dir='ltr'>Nam</span> <span class='ocrx_word' id='word_1_261' title='bbox 377 2660 446 2713; x_wconf 90' lang='lat' dir='ltr'>Titii</span> <span class='ocrx_word' id='word_1_262' title='bbox 456 2660 570 2730; x_wconf 91' lang='lat' dir='ltr'>quidem</span> <span class='ocrx_word' id='word_1_263' title='bbox 579 2668 609 2715; x_wconf 88' lang='lat' dir='ltr'>ct</span> <span class='ocrx_word' id='word_1_264' title='bbox 617 2659 747 2729; x_wconf 84' lang='lat' dir='ltr'>TitrSep·</span> <span class='ocrx_word' id='word_1_265' title='bbox 767 2660 892 2729; x_wconf 89' lang='lat' dir='ltr'>celsique</span> <span class='ocrx_word' id='word_1_266' title='bbox 899 2661 1148 2729; x_wconf 89' lang='lat' dir='ltr'>spiritusaudacia,</span> <span class='ocrx_word' id='word_1_267' title='bbox 1157 2661 1241 2731; x_wconf 89' lang='lat' dir='ltr'>quale</span> <span class='ocrx_word' id='word_1_268' title='bbox 1251 2661 1306 2714; x_wconf 80' lang='lat' dir='ltr'>luit</span> 
     </span>
     <span class='ocr_line' id='line_1_30' title="bbox 210 2727 1305 2808; baseline -0.004 -25"><span class='ocrx_word' id='word_1_269' title='bbox 210 2727 288 2796; x_wconf 84' lang='lat' dir='ltr'>timii,</span> <span class='ocrx_word' id='word_1_270' title='bbox 303 2745 376 2798; x_wconf 91' lang='lat' dir='ltr'>quos</span> <span class='ocrx_word' id='word_1_271' title='bbox 389 2728 549 2782; x_wconf 88' lang='lat' dir='ltr'>Horatiusi</span> <span class='ocrx_word' id='word_1_272' title='bbox 572 2746 602 2784; x_wconf 89' lang='lat' dir='ltr'>se</span> <span class='ocrx_word' id='word_1_273' title='bbox 612 2734 748 2783; x_wconf 91' lang='lat' dir='ltr'>memorat</span> <span class='ocrx_word' id='word_1_274' title='bbox 766 2728 882 2781; x_wconf 90' lang='lat' dir='ltr'>Pindari</span> <span class='ocrx_word' id='word_1_275' title='bbox 900 2729 1056 2808; x_wconf 88' lang='lat' dir='ltr'>proprium,</span> <span class='ocrx_word' id='word_1_276' title='bbox 1081 2728 1160 2781; x_wconf 89' lang='lat' dir='ltr'>cuius</span> <span class='ocrx_word' id='word_1_277' title='bbox 1178 2728 1305 2797; x_wconf 87' lang='lat' dir='ltr'>magnifi-</span> 
     </span>
     <span class='ocr_line' id='line_1_31' title="bbox 212 2746 1304 2867; baseline 0 -18"><span class='ocrx_word' id='word_1_278' title='bbox 212 2803 239 2850; x_wconf 84' lang='lat' dir='ltr'>rt</span> <span class='ocrx_word' id='word_1_279' title='bbox 257 2796 363 2866; x_wconf 88' lang='lat' dir='ltr'>lyricos</span> <span class='ocrx_word' id='word_1_280' title='bbox 381 2797 516 2867; x_wconf 86' lang='lat' dir='ltr'>aequales</span> <span class='ocrx_word' id='word_1_281' title='bbox 534 2746 625 2850; x_wconf 56' lang='lat' dir='ltr'>Epist.</span> <span class='ocrx_word' id='word_1_282' title='bbox 642 2798 665 2849; x_wconf 91' lang='lat' dir='ltr'>l.</span> <span class='ocrx_word' id='word_1_283' title='bbox 679 2797 708 2863; x_wconf 90' lang='lat'>3,</span> <span class='ocrx_word' id='word_1_284' title='bbox 723 2799 748 2850; x_wconf 87' lang='lat'>9.</span> <span class='ocrx_word' id='word_1_285' title='bbox 767 2796 887 2850; x_wconf 88' lang='lat' dir='ltr'>centiam</span> <span class='ocrx_word' id='word_1_286' title='bbox 902 2814 963 2865; x_wconf 84' lang='lat' dir='ltr'>ipse</span> <span class='ocrx_word' id='word_1_287' title='bbox 977 2796 1113 2850; x_wconf 86' lang='lat' dir='ltr'>Horatius</span> <span class='ocrx_word' id='word_1_288' title='bbox 1128 2796 1243 2865; x_wconf 78' lang='lat' dir='ltr'>egregie</span> <span class='ocrx_word' id='word_1_289' title='bbox 1258 2797 1304 2849; x_wconf 91' lang='lat' dir='ltr'>de·</span> 
     </span>
     <span class='ocr_line' id='line_1_32' title="bbox 213 2816 1303 2983; baseline 0 -67"><span class='ocrx_word' id='word_1_290' title='bbox 213 2864 410 2955; x_wconf 53' lang='lat' dir='ltr'>{pistlmti</span> <span class='ocrx_word' id='word_1_291' title='bbox 421 2866 485 2918; x_wconf 87' lang='lat' dir='ltr'>coll.</span> <span class='ocrx_word' id='word_1_292' title='bbox 497 2816 645 2933; x_wconf 56' lang='lat' dir='ltr'>castas</span> <span class='ocrx_word' id='word_1_293' title='bbox 662 2870 747 2934; x_wconf 92' lang='lat' dir='ltr'>atque</span> <span class='ocrx_word' id='word_1_294' title='bbox 765 2864 857 2933; x_wconf 90' lang='lat' dir='ltr'>pinxit</span> <span class='ocrx_word' id='word_1_295' title='bbox 876 2862 965 2917; x_wconf 81' lang='lat' dir='ltr'>Oarm.</span> <span class='ocrx_word' id='word_1_296' title='bbox 976 2864 1024 2917; x_wconf 90' lang='lat' dir='ltr'>IV.</span> <span class='ocrx_word' id='word_1_297' title='bbox 1034 2865 1073 2931; x_wconf 67' lang='lat'>23</span> <span class='ocrx_word' id='word_1_298' title='bbox 1092 2866 1212 2983; x_wconf 62' lang='lat' dir='ltr'>altepum</span> <span class='ocrx_word' id='word_1_299' title='bbox 1230 2864 1303 2930; x_wconf 89' lang='lat' dir='ltr'>lene,</span> 
     </span>
     <span class='ocr_line' id='line_1_33' title="bbox 214 2932 1307 3069; baseline -0.005 -14"><span class='ocrx_word' id='word_1_300' title='bbox 214 2932 748 3069; x_wconf 58' lang='lat' dir='ltr'>ttftssttlclttltittttttt</span> <span class='ocrx_word' id='word_1_301' title='bbox 767 2933 1307 3076; x_wconf 54' lang='lat' dir='ltr'>Iliieaiilll‘sstldalliambil</span> 
     </span>
     <span class='ocr_line' id='line_1_34' title="bbox 216 3066 1306 3136; baseline -0.003 -16"><span class='ocrx_word' id='word_1_302' title='bbox 216 3073 288 3135; x_wconf 84' lang='lat' dir='ltr'>unt,</span> <span class='ocrx_word' id='word_1_303' title='bbox 302 3067 406 3120; x_wconf 89' lang='lat' dir='ltr'>nedum</span> <span class='ocrx_word' id='word_1_304' title='bbox 419 3073 452 3120; x_wconf 91' lang='lat' dir='ltr'>ut</span> <span class='ocrx_word' id='word_1_305' title='bbox 464 3068 588 3122; x_wconf 88' lang='lat' dir='ltr'>carmina</span> <span class='ocrx_word' id='word_1_306' title='bbox 602 3085 699 3122; x_wconf 89' lang='lat' dir='ltr'>eorum</span> <span class='ocrx_word' id='word_1_307' title='bbox 712 3070 749 3122; x_wconf 88' lang='lat' dir='ltr'>ad</span> <span class='ocrx_word' id='word_1_308' title='bbox 767 3068 863 3121; x_wconf 87' lang='lat' dir='ltr'>mitate</span> <span class='ocrx_word' id='word_1_309' title='bbox 875 3068 995 3136; x_wconf 85' lang='lat' dir='ltr'>quadam</span> <span class='ocrx_word' id='word_1_310' title='bbox 1007 3067 1157 3119; x_wconf 87' lang='lat' dir='ltr'>coniuncta</span> <span class='ocrx_word' id='word_1_311' title='bbox 1167 3066 1262 3131; x_wconf 90' lang='lat' dir='ltr'>utitur,</span> <span class='ocrx_word' id='word_1_312' title='bbox 1277 3082 1306 3117; x_wconf 93' lang='lat' dir='ltr'>1n</span> 
     </span>
     <span class='ocr_line' id='line_1_35' title="bbox 218 3131 1306 3202; baseline -0.005 -13"><span class='ocrx_word' id='word_1_313' title='bbox 218 3134 749 3189; x_wconf 75' lang='lat' dir='ltr'>rosteritatemcelebratasint.Postcra</span> <span class='ocrx_word' id='word_1_314' title='bbox 788 3153 824 3187; x_wconf 92' lang='lat' dir='ltr'>uo</span> <span class='ocrx_word' id='word_1_315' title='bbox 834 3134 967 3200; x_wconf 82' lang='lat' dir='ltr'>Alcaeus,</span> <span class='ocrx_word' id='word_1_316' title='bbox 980 3133 1095 3202; x_wconf 87' lang='lat' dir='ltr'>Sappho</span> <span class='ocrx_word' id='word_1_317' title='bbox 1111 3133 1215 3202; x_wconf 87' lang='lat' dir='ltr'>aliique</span> <span class='ocrx_word' id='word_1_318' title='bbox 1225 3131 1306 3201; x_wconf 91' lang='lat' dir='ltr'>lyrici</span> 
     </span>
     <span class='ocr_line' id='line_1_36' title="bbox 218 3153 1306 3273; baseline -0.003 -17"><span class='ocrx_word' id='word_1_319' title='bbox 218 3208 302 3256; x_wconf 77' lang='lat' dir='ltr'>intem</span> <span class='ocrx_word' id='word_1_320' title='bbox 317 3208 411 3256; x_wconf 88' lang='lat' dir='ltr'>aetate</span> <span class='ocrx_word' id='word_1_321' title='bbox 429 3202 568 3256; x_wconf 90' lang='lat' dir='ltr'>neminem</span> <span class='ocrx_word' id='word_1_322' title='bbox 582 3221 749 3273; x_wconf 89' lang='lat' dir='ltr'>quemquam</span> <span class='ocrx_word' id='word_1_323' title='bbox 768 3153 872 3256; x_wconf 61' lang='lat' dir='ltr'>IIracci</span> <span class='ocrx_word' id='word_1_324' title='bbox 883 3202 1090 3267; x_wconf 80' lang='lat' dir='ltr'>excelluerunt3</span> <span class='ocrx_word' id='word_1_325' title='bbox 1108 3200 1245 3253; x_wconf 89' lang='lat' dir='ltr'>Horatius</span> <span class='ocrx_word' id='word_1_326' title='bbox 1256 3200 1306 3253; x_wconf 92' lang='lat' dir='ltr'>illo</span> 
     </span>
     <span class='ocr_line' id='line_1_37' title="bbox 220 3268 1306 3339; baseline 0 -18"><span class='ocrx_word' id='word_1_327' title='bbox 220 3269 647 3339; x_wconf 72' lang='lat' dir='ltr'>rxtitisse,quicumH0ratiode</span> <span class='ocrx_word' id='word_1_328' title='bbox 676 3272 750 3324; x_wconf 91' lang='lat' dir='ltr'>alma</span> <span class='ocrx_word' id='word_1_329' title='bbox 768 3271 829 3324; x_wconf 89' lang='lat' dir='ltr'>fere</span> <span class='ocrx_word' id='word_1_330' title='bbox 852 3269 995 3323; x_wconf 88' lang='lat' dir='ltr'>declinato</span> <span class='ocrx_word' id='word_1_331' title='bbox 1022 3269 1165 3336; x_wconf 88' lang='lat' dir='ltr'>posterius</span> <span class='ocrx_word' id='word_1_332' title='bbox 1188 3268 1306 3321; x_wconf 83' lang='lat' dir='ltr'>maxime</span> 
     </span>
     <span class='ocr_line' id='line_1_38' title="bbox 221 3289 1306 3456; baseline -0.002 -65"><span class='ocrx_word' id='word_1_333' title='bbox 221 3343 310 3392; x_wconf 71' lang='lat' dir='ltr'>»osset</span> <span class='ocrx_word' id='word_1_334' title='bbox 327 3339 512 3406; x_wconf 89' lang='lat' dir='ltr'>contendere,</span> <span class='ocrx_word' id='word_1_335' title='bbox 532 3356 618 3419; x_wconf 90' lang='lat' dir='ltr'>quum</span> <span class='ocrx_word' id='word_1_336' title='bbox 636 3289 749 3392; x_wconf 82' lang='lat' dir='ltr'>aIiunde</span> <span class='ocrx_word' id='word_1_337' title='bbox 769 3343 893 3393; x_wconf 86' lang='lat' dir='ltr'>sectatus</span> <span class='ocrx_word' id='word_1_338' title='bbox 912 3342 969 3404; x_wconf 92' lang='lat' dir='ltr'>est,</span> <span class='ocrx_word' id='word_1_339' title='bbox 993 3336 1097 3456; x_wconf 88' lang='lat' dir='ltr'>quippe</span> <span class='ocrx_word' id='word_1_340' title='bbox 1117 3337 1194 3405; x_wconf 90' lang='lat' dir='ltr'>quod</span> <span class='ocrx_word' id='word_1_341' title='bbox 1213 3336 1306 3389; x_wconf 89' lang='lat' dir='ltr'>animo</span> 
     </span>
     <span class='ocr_line' id='line_1_39' title="bbox 222 3404 1307 3475; baseline -0.004 -15"><span class='ocrx_word' id='word_1_342' title='bbox 222 3412 308 3461; x_wconf 69' lang='lat' dir='ltr'>totum</span> <span class='ocrx_word' id='word_1_343' title='bbox 322 3404 367 3474; x_wconf 87' lang='lat' dir='ltr'>sit,</span> <span class='ocrx_word' id='word_1_344' title='bbox 381 3410 440 3459; x_wconf 89' lang='lat' dir='ltr'>tum</span> <span class='ocrx_word' id='word_1_345' title='bbox 474 3422 603 3475; x_wconf 81' lang='lat' dir='ltr'>ersprcue</span> <span class='ocrx_word' id='word_1_346' title='bbox 618 3406 749 3475; x_wconf 87' lang='lat' dir='ltr'>iutelligi-</span> <span class='ocrx_word' id='word_1_347' title='bbox 769 3423 820 3459; x_wconf 88' lang='lat' dir='ltr'>suo</span> <span class='ocrx_word' id='word_1_348' title='bbox 839 3410 941 3459; x_wconf 88' lang='lat' dir='ltr'>natura</span> <span class='ocrx_word' id='word_1_349' title='bbox 958 3421 1003 3457; x_wconf 91' lang='lat' dir='ltr'>mo</span> <span class='ocrx_word' id='word_1_350' title='bbox 1017 3404 1036 3457; x_wconf 94' lang='lat' dir='ltr'>li</span> <span class='ocrx_word' id='word_1_351' title='bbox 1055 3421 1089 3457; x_wconf 89' lang='lat' dir='ltr'>ac</span> <span class='ocrx_word' id='word_1_352' title='bbox 1106 3410 1204 3457; x_wconf 90' lang='lat' dir='ltr'>tenero</span> <span class='ocrx_word' id='word_1_353' title='bbox 1225 3409 1253 3458; x_wconf 92' lang='lat' dir='ltr'>et</span> <span class='ocrx_word' id='word_1_354' title='bbox 1271 3404 1307 3457; x_wconf 91' lang='lat' dir='ltr'>ad</span> 
     </span>
     <span class='ocr_line' id='line_1_40' title="bbox 223 3472 1307 3544; baseline -0.004 -16"><span class='ocrx_word' id='word_1_355' title='bbox 223 3492 256 3528; x_wconf 87' lang='lat' dir='ltr'>nr</span> <span class='ocrx_word' id='word_1_356' title='bbox 269 3491 304 3528; x_wconf 85' lang='lat' dir='ltr'>ex</span> <span class='ocrx_word' id='word_1_357' title='bbox 314 3474 431 3537; x_wconf 82' lang='lat' dir='ltr'>Quintil.</span> <span class='ocrx_word' id='word_1_358' title='bbox 470 3475 522 3541; x_wconf 87' lang='lat'>.1.,</span> <span class='ocrx_word' id='word_1_359' title='bbox 537 3474 585 3544; x_wconf 88' lang='lat' dir='ltr'>qui</span> <span class='ocrx_word' id='word_1_360' title='bbox 599 3475 750 3543; x_wconf 88' lang='lat' dir='ltr'>lyricorum</span> <span class='ocrx_word' id='word_1_361' title='bbox 769 3473 936 3527; x_wconf 79' lang='lat' dir='ltr'>suavitatem</span> <span class='ocrx_word' id='word_1_362' title='bbox 951 3472 1046 3541; x_wconf 89' lang='lat' dir='ltr'>potius</span> <span class='ocrx_word' id='word_1_363' title='bbox 1061 3490 1144 3542; x_wconf 90' lang='lat' dir='ltr'>quam</span> <span class='ocrx_word' id='word_1_364' title='bbox 1158 3473 1195 3525; x_wconf 91' lang='lat' dir='ltr'>ad</span> <span class='ocrx_word' id='word_1_365' title='bbox 1206 3472 1307 3526; x_wconf 86' lang='lat' dir='ltr'>severi-</span> 
     </span>
     <span class='ocr_line' id='line_1_41' title="bbox 224 3540 1307 3613; baseline -0.003 -17"><span class='ocrx_word' id='word_1_366' title='bbox 224 3557 270 3596; x_wconf 89' lang='lat' dir='ltr'>ere</span> <span class='ocrx_word' id='word_1_367' title='bbox 289 3542 381 3595; x_wconf 92' lang='lat' dir='ltr'>solum</span> <span class='ocrx_word' id='word_1_368' title='bbox 393 3542 543 3596; x_wconf 91' lang='lat' dir='ltr'>Horatium</span> <span class='ocrx_word' id='word_1_369' title='bbox 562 3542 678 3613; x_wconf 89' lang='lat' dir='ltr'>dignum</span> <span class='ocrx_word' id='word_1_370' title='bbox 692 3542 749 3612; x_wconf 86' lang='lat' dir='ltr'>legi</span> <span class='ocrx_word' id='word_1_371' title='bbox 768 3546 946 3611; x_wconf 87' lang='lat' dir='ltr'>tatematque</span> <span class='ocrx_word' id='word_1_372' title='bbox 957 3540 1307 3611; x_wconf 88' lang='lat' dir='ltr'>granditatemtemperato</span> 
     </span>
     <span class='ocr_line' id='line_1_42' title="bbox 226 3608 1307 3730; baseline -0.001 -68"><span class='ocrx_word' id='word_1_373' title='bbox 226 3609 373 3663; x_wconf 50' lang='lat' dir='ltr'>¹rbitratur.</span> <span class='ocrx_word' id='word_1_374' title='bbox 770 3610 874 3678; x_wconf 88' lang='lat' dir='ltr'>optime</span> <span class='ocrx_word' id='word_1_375' title='bbox 893 3609 1064 3663; x_wconf 79' lang='lat' dir='ltr'>conveniret.</span> <span class='ocrx_word' id='word_1_376' title='bbox 1099 3610 1132 3662; x_wconf 90' lang='lat' dir='ltr'>Id</span> <span class='ocrx_word' id='word_1_377' title='bbox 1151 3608 1228 3730; x_wconf 85' lang='lat' dir='ltr'>quod</span> <span class='ocrx_word' id='word_1_378' title='bbox 1246 3608 1307 3677; x_wconf 88' lang='lat' dir='ltr'>ipse</span> 
     </span>
    </p>

    <p class='ocr_par' dir='ltr' id='par_1_5' title="bbox 228 3676 1308 4355">
     <span class='ocr_line' id='line_1_43' title="bbox 235 3676 1307 3748; baseline -0.002 -18"><span class='ocrx_word' id='word_1_379' title='bbox 235 3677 297 3731; x_wconf 91' lang='lat' dir='ltr'>Nec</span> <span class='ocrx_word' id='word_1_380' title='bbox 310 3692 378 3731; x_wconf 87' lang='lat' dir='ltr'>vero</span> <span class='ocrx_word' id='word_1_381' title='bbox 389 3678 541 3731; x_wconf 90' lang='lat' dir='ltr'>obscurum</span> <span class='ocrx_word' id='word_1_382' title='bbox 554 3685 611 3745; x_wconf 84' lang='lat' dir='ltr'>cst,</span> <span class='ocrx_word' id='word_1_383' title='bbox 632 3678 679 3748; x_wconf 93' lang='lat' dir='ltr'>qui</span> <span class='ocrx_word' id='word_1_384' title='bbox 689 3676 749 3731; x_wconf 88' lang='lat' dir='ltr'>fieri</span> <span class='ocrx_word' id='word_1_385' title='bbox 769 3677 1091 3746; x_wconf 87' lang='lat' dir='ltr'>nonunolocoingenue</span> <span class='ocrx_word' id='word_1_386' title='bbox 1101 3693 1152 3745; x_wconf 91' lang='lat' dir='ltr'>pro</span> <span class='ocrx_word' id='word_1_387' title='bbox 1169 3682 1307 3731; x_wconf 87' lang='lat' dir='ltr'>essuscst.</span> 
     </span>
     <span class='ocr_line' id='line_1_44' title="bbox 230 3744 1308 3815; baseline -0.002 -17"><span class='ocrx_word' id='word_1_388' title='bbox 230 3744 345 3811; x_wconf 89' lang='lat' dir='ltr'>otuerit,</span> <span class='ocrx_word' id='word_1_389' title='bbox 360 3749 392 3797; x_wconf 90' lang='lat' dir='ltr'>ut</span> <span class='ocrx_word' id='word_1_390' title='bbox 400 3744 536 3798; x_wconf 89' lang='lat' dir='ltr'>Horatius</span> <span class='ocrx_word' id='word_1_391' title='bbox 545 3745 574 3798; x_wconf 91' lang='lat' dir='ltr'>in</span> <span class='ocrx_word' id='word_1_392' title='bbox 584 3746 680 3815; x_wconf 88' lang='lat' dir='ltr'>lyricis</span> <span class='ocrx_word' id='word_1_393' title='bbox 690 3753 750 3800; x_wconf 89' lang='lat' dir='ltr'>tan-</span> <span class='ocrx_word' id='word_1_394' title='bbox 769 3748 841 3800; x_wconf 90' lang='lat' dir='ltr'>Nam</span> <span class='ocrx_word' id='word_1_395' title='bbox 856 3744 945 3798; x_wconf 81' lang='lat' dir='ltr'>Ocrm.</span> <span class='ocrx_word' id='word_1_396' title='bbox 955 3746 1005 3800; x_wconf 90' lang='lat' dir='ltr'>IV.</span> <span class='ocrx_word' id='word_1_397' title='bbox 1015 3746 1040 3813; x_wconf 78' lang='lat'>2,</span> <span class='ocrx_word' id='word_1_398' title='bbox 1051 3744 1085 3798; x_wconf 78' lang='lat'>25</span> <span class='ocrx_word' id='word_1_399' title='bbox 1096 3762 1157 3815; x_wconf 90' lang='lat' dir='ltr'>sqq.</span> <span class='ocrx_word' id='word_1_400' title='bbox 1172 3759 1235 3797; x_wconf 89' lang='lat' dir='ltr'>sese</span> <span class='ocrx_word' id='word_1_401' title='bbox 1246 3760 1308 3796; x_wconf 91' lang='lat' dir='ltr'>cum</span> 
     </span>
     <span class='ocr_line' id='line_1_45' title="bbox 228 3810 1308 3891; baseline -0.004 -24"><span class='ocrx_word' id='word_1_402' title='bbox 228 3830 270 3867; x_wconf 76' lang='lat' dir='ltr'>am</span> <span class='ocrx_word' id='word_1_403' title='bbox 282 3810 393 3865; x_wconf 86' lang='lat' dir='ltr'>virtutis</span> <span class='ocrx_word' id='word_1_404' title='bbox 407 3812 537 3881; x_wconf 90' lang='lat' dir='ltr'>poeticae</span> <span class='ocrx_word' id='word_1_405' title='bbox 548 3814 749 3882; x_wconf 85' lang='lat' dir='ltr'>praestantiam</span> <span class='ocrx_word' id='word_1_406' title='bbox 770 3831 822 3883; x_wconf 89' lang='lat' dir='ltr'>ape</span> <span class='ocrx_word' id='word_1_407' title='bbox 832 3813 940 3867; x_wconf 85' lang='lat' dir='ltr'>Matina</span> <span class='ocrx_word' id='word_1_408' title='bbox 956 3820 1103 3882; x_wconf 88' lang='lat' dir='ltr'>comparat</span> <span class='ocrx_word' id='word_1_409' title='bbox 1116 3818 1199 3882; x_wconf 86' lang='lat' dir='ltr'>grata</span> <span class='ocrx_word' id='word_1_410' title='bbox 1210 3812 1308 3891; x_wconf 88' lang='lat' dir='ltr'>thyma</span> 
     </span>
     <span class='ocr_line' id='line_1_46' title="bbox 229 3881 1307 3952; baseline -0.003 -19"><span class='ocrx_word' id='word_1_411' title='bbox 229 3886 442 3950; x_wconf 86' lang='lat' dir='ltr'>onseqneretur.</span> <span class='ocrx_word' id='word_1_412' title='bbox 469 3881 543 3935; x_wconf 90' lang='lat' dir='ltr'>Nam</span> <span class='ocrx_word' id='word_1_413' title='bbox 561 3899 647 3952; x_wconf 90' lang='lat' dir='ltr'>quum</span> <span class='ocrx_word' id='word_1_414' title='bbox 665 3883 750 3936; x_wconf 90' lang='lat' dir='ltr'>nemi·</span> <span class='ocrx_word' id='word_1_415' title='bbox 768 3883 857 3935; x_wconf 92' lang='lat' dir='ltr'>multo</span> <span class='ocrx_word' id='word_1_416' title='bbox 868 3882 1039 3936; x_wconf 89' lang='lat' dir='ltr'>cumlabore</span> <span class='ocrx_word' id='word_1_417' title='bbox 1051 3887 1191 3949; x_wconf 87' lang='lat' dir='ltr'>carpente,</span> <span class='ocrx_word' id='word_1_418' title='bbox 1204 3895 1307 3947; x_wconf 82' lang='lat' dir='ltr'>quippe</span> 
     </span>
     <span class='ocr_line' id='line_1_47' title="bbox 231 3945 1308 4020; baseline -0.006 -18"><span class='ocrx_word' id='word_1_419' title='bbox 231 3965 277 4002; x_wconf 92' lang='lat' dir='ltr'>em</span> <span class='ocrx_word' id='word_1_420' title='bbox 289 3947 349 4003; x_wconf 88' lang='lat' dir='ltr'>fere</span> <span class='ocrx_word' id='word_1_421' title='bbox 363 3949 439 4003; x_wconf 89' lang='lat' dir='ltr'>illius</span> <span class='ocrx_word' id='word_1_422' title='bbox 452 3950 594 4003; x_wconf 85' lang='lat' dir='ltr'>aemulum</span> <span class='ocrx_word' id='word_1_423' title='bbox 611 3950 750 4019; x_wconf 90' lang='lat' dir='ltr'>habuerit,</span> <span class='ocrx_word' id='word_1_424' title='bbox 770 3967 855 4020; x_wconf 89' lang='lat' dir='ltr'>quum</span> <span class='ocrx_word' id='word_1_425' title='bbox 865 3965 987 4018; x_wconf 86' lang='lat' dir='ltr'>operosa</span> <span class='ocrx_word' id='word_1_426' title='bbox 1001 3966 1104 4017; x_wconf 88' lang='lat' dir='ltr'>parvus</span> <span class='ocrx_word' id='word_1_427' title='bbox 1120 3946 1244 4001; x_wconf 89' lang='lat' dir='ltr'>carmina</span> <span class='ocrx_word' id='word_1_428' title='bbox 1257 3945 1308 3997; x_wconf 91' lang='lat' dir='ltr'>fin·</span> 
     </span>
     <span class='ocr_line' id='line_1_48' title="bbox 232 4016 1307 4095; baseline -0.005 -26"><span class='ocrx_word' id='word_1_429' title='bbox 232 4034 272 4069; x_wconf 89' lang='lat' dir='ltr'>rm</span> <span class='ocrx_word' id='word_1_430' title='bbox 281 4016 342 4095; x_wconf 88' lang='lat' dir='ltr'>ipse</span> <span class='ocrx_word' id='word_1_431' title='bbox 351 4017 380 4070; x_wconf 93' lang='lat' dir='ltr'>in</span> <span class='ocrx_word' id='word_1_432' title='bbox 390 4018 563 4072; x_wconf 89' lang='lat' dir='ltr'>carminibus</span> <span class='ocrx_word' id='word_1_433' title='bbox 573 4017 669 4086; x_wconf 88' lang='lat' dir='ltr'>lyricis</span> <span class='ocrx_word' id='word_1_434' title='bbox 682 4036 745 4086; x_wconf 88' lang='lat' dir='ltr'>pan·</span> <span class='ocrx_word' id='word_1_435' title='bbox 769 4023 827 4087; x_wconf 90' lang='lat' dir='ltr'>gat.</span> <span class='ocrx_word' id='word_1_436' title='bbox 856 4018 945 4070; x_wconf 89' lang='lat' dir='ltr'>Porro</span> <span class='ocrx_word' id='word_1_437' title='bbox 964 4016 1307 4091; x_wconf 39' lang='lat' dir='ltr'>Carm.l.6,9sqq.·s·ese</span> 
     </span>
     <span class='ocr_line' id='line_1_49' title="bbox 233 4082 1308 4154; baseline -0.007 -16"><span class='ocrx_word' id='word_1_438' title='bbox 233 4084 315 4138; x_wconf 82' lang='lat' dir='ltr'>endis</span> <span class='ocrx_word' id='word_1_439' title='bbox 326 4101 361 4138; x_wconf 89' lang='lat' dir='ltr'>ea</span> <span class='ocrx_word' id='word_1_440' title='bbox 373 4102 441 4139; x_wconf 87' lang='lat' dir='ltr'>usus</span> <span class='ocrx_word' id='word_1_441' title='bbox 451 4090 497 4139; x_wconf 89' lang='lat' dir='ltr'>est</span> <span class='ocrx_word' id='word_1_442' title='bbox 508 4091 569 4139; x_wconf 88' lang='lat' dir='ltr'>arte</span> <span class='ocrx_word' id='word_1_443' title='bbox 583 4102 674 4154; x_wconf 90' lang='lat' dir='ltr'>eaque</span> <span class='ocrx_word' id='word_1_444' title='bbox 687 4103 751 4153; x_wconf 91' lang='lat' dir='ltr'>pru·</span> <span class='ocrx_word' id='word_1_445' title='bbox 769 4086 811 4139; x_wconf 88' lang='lat' dir='ltr'>ait</span> <span class='ocrx_word' id='word_1_446' title='bbox 827 4102 844 4139; x_wconf 91' lang='lat' dir='ltr'>a</span> <span class='ocrx_word' id='word_1_447' title='bbox 862 4085 1021 4153; x_wconf 85' lang='lat' dir='ltr'>pangendis</span> <span class='ocrx_word' id='word_1_448' title='bbox 1046 4082 1173 4136; x_wconf 87' lang='lat' dir='ltr'>celsioris</span> <span class='ocrx_word' id='word_1_449' title='bbox 1192 4084 1308 4148; x_wconf 84' lang='lat' dir='ltr'>sprrrtus</span> 
     </span>
     <span class='ocr_line' id='line_1_50' title="bbox 234 4146 1308 4231; baseline -0.007 -26"><span class='ocrx_word' id='word_1_450' title='bbox 234 4151 318 4216; x_wconf 88' lang='lat' dir='ltr'>entia,</span> <span class='ocrx_word' id='word_1_451' title='bbox 338 4168 409 4231; x_wconf 87' lang='lat' dir='ltr'>quae</span> <span class='ocrx_word' id='word_1_452' title='bbox 422 4152 514 4222; x_wconf 88' lang='lat' dir='ltr'>ipsum</span> <span class='ocrx_word' id='word_1_453' title='bbox 528 4151 642 4207; x_wconf 85' lang='lat' dir='ltr'>iuvante</span> <span class='ocrx_word' id='word_1_454' title='bbox 655 4154 751 4208; x_wconf 84' lang='lat' dir='ltr'>nativa</span> <span class='ocrx_word' id='word_1_455' title='bbox 771 4152 943 4207; x_wconf 86' lang='lat' dir='ltr'>carminibus</span> <span class='ocrx_word' id='word_1_456' title='bbox 966 4152 1031 4205; x_wconf 89' lang='lat' dir='ltr'>ideo</span> <span class='ocrx_word' id='word_1_457' title='bbox 1055 4150 1210 4216; x_wconf 86' lang='lat' dir='ltr'>abstinere,</span> <span class='ocrx_word' id='word_1_458' title='bbox 1241 4146 1308 4216; x_wconf 90' lang='lat' dir='ltr'>quia</span> 
     </span>
     <span class='ocr_line' id='line_1_51' title="bbox 235 4216 1307 4291; baseline -0.003 -20"><span class='ocrx_word' id='word_1_459' title='bbox 235 4218 320 4288; x_wconf 63' lang='lat' dir='ltr'>[genii</span> <span class='ocrx_word' id='word_1_460' title='bbox 340 4220 438 4273; x_wconf 82' lang='lat' dir='ltr'>indole</span> <span class='ocrx_word' id='word_1_461' title='bbox 460 4220 490 4273; x_wconf 90' lang='lat' dir='ltr'>in</span> <span class='ocrx_word' id='word_1_462' title='bbox 514 4236 565 4273; x_wconf 88' lang='lat' dir='ltr'>suo</span> <span class='ocrx_word' id='word_1_463' title='bbox 588 4238 692 4291; x_wconf 88' lang='lat' dir='ltr'>genere</span> <span class='ocrx_word' id='word_1_464' title='bbox 714 4223 751 4275; x_wconf 88' lang='lat' dir='ltr'>ad</span> <span class='ocrx_word' id='word_1_465' title='bbox 770 4221 862 4289; x_wconf 91' lang='lat' dir='ltr'>pudor</span> <span class='ocrx_word' id='word_1_466' title='bbox 875 4219 1054 4289; x_wconf 91' lang='lat' dir='ltr'>imbellisque</span> <span class='ocrx_word' id='word_1_467' title='bbox 1068 4219 1148 4286; x_wconf 90' lang='lat' dir='ltr'>lyrae</span> <span class='ocrx_word' id='word_1_468' title='bbox 1163 4216 1245 4269; x_wconf 88' lang='lat' dir='ltr'>Musa</span> <span class='ocrx_word' id='word_1_469' title='bbox 1257 4231 1307 4284; x_wconf 93' lang='lat' dir='ltr'>po·</span> 
     </span>
     <span class='ocr_line' id='line_1_52' title="bbox 236 4283 1307 4355; baseline -0.009 -9"><span class='ocrx_word' id='word_1_470' title='bbox 236 4315 384 4326; x_wconf 93' lang='grc'>---</span> <span class='ocrx_word' id='word_1_471' title='bbox 769 4296 833 4341; x_wconf 90' lang='lat' dir='ltr'>tens</span> <span class='ocrx_word' id='word_1_472' title='bbox 846 4291 923 4339; x_wconf 87' lang='lat' dir='ltr'>vetet</span> <span class='ocrx_word' id='word_1_473' title='bbox 938 4287 1038 4340; x_wconf 87' lang='lat' dir='ltr'>laudes</span> <span class='ocrx_word' id='word_1_474' title='bbox 1057 4285 1164 4355; x_wconf 88' lang='lat' dir='ltr'>egregii</span> <span class='ocrx_word' id='word_1_475' title='bbox 1178 4283 1307 4338; x_wconf 84' lang='lat' dir='ltr'>Caesaris</span> 
     </span>
    </p>
   </div>
   <div class='ocr_carea' id='block_1_5' title="bbox 236 4353 1307 4474">
    <p class='ocr_par' dir='ltr' id='par_1_6' title="bbox 236 4353 1307 4474">
     <span class='ocr_line' id='line_1_53' title="bbox 236 4353 1307 4474; baseline -0.004 -65"><span class='ocrx_word' id='word_1_476' title='bbox 236 4359 248 4396; x_wconf 87' lang='lat'>¹</span> <span class='ocrx_word' id='word_1_477' title='bbox 263 4357 345 4396; x_wconf 64' lang='lat' dir='ltr'>901¹ss</span> <span class='ocrx_word' id='word_1_478' title='bbox 357 4368 380 4397; x_wconf 81' lang='lat' dir='ltr'>v.</span> <span class='ocrx_word' id='word_1_479' title='bbox 393 4358 509 4398; x_wconf 68' lang='lat' dir='ltr'>wercum.</span> <span class='ocrx_word' id='word_1_480' title='bbox 523 4360 609 4399; x_wconf 69' lang='lat' dir='ltr'>Pacui.</span> <span class='ocrx_word' id='word_1_481' title='bbox 623 4361 681 4399; x_wconf 77' lang='lat' dir='ltr'>nati.</span> <span class='ocrx_word' id='word_1_482' title='bbox 696 4361 750 4399; x_wconf 76' lang='lat' dir='ltr'>neu.</span> <span class='ocrx_word' id='word_1_483' title='bbox 770 4356 854 4424; x_wconf 89' lang='lat' dir='ltr'>culpa</span> <span class='ocrx_word' id='word_1_484' title='bbox 863 4356 989 4408; x_wconf 91' lang='lat' dir='ltr'>deterere</span> <span class='ocrx_word' id='word_1_485' title='bbox 999 4354 1103 4474; x_wconf 64' lang='lat' dir='ltr'>inqeni.</span> <span class='ocrx_word' id='word_1_486' title='bbox 1131 4353 1240 4418; x_wconf 76' lang='lat' dir='ltr'>Quibus</span> <span class='ocrx_word' id='word_1_487' title='bbox 1249 4369 1307 4406; x_wconf 92' lang='lat' dir='ltr'>non</span> 
     </span>
    </p>
   </div>
   <div class='ocr_carea' id='block_1_6' title="bbox 239 4408 1306 4511">
    <p class='ocr_par' dir='ltr' id='par_1_7' title="bbox 239 4408 1306 4511">
     <span class='ocr_line' id='line_1_54' title="bbox 239 4408 1306 4511; baseline -0.004 -34"><span class='ocrx_word' id='word_1_488' title='bbox 239 4408 750 4511; x_wconf 52' lang='lat' dir='ltr'>{Qqqffigqqngqqfflgggffggqg</span> <span class='ocrx_word' id='word_1_489' title='bbox 770 4423 917 4477; x_wconf 68' lang='lat' dir='ltr'>diasimata</span> <span class='ocrx_word' id='word_1_490' title='bbox 936 4426 1001 4475; x_wconf 72' lang='lat' dir='ltr'>sunt</span> <span class='ocrx_word' id='word_1_491' title='bbox 1018 4422 1068 4475; x_wconf 75' lang='lat' dir='ltr'>aa</span> <span class='ocrx_word' id='word_1_492' title='bbox 1087 4421 1177 4475; x_wconf 76' lang='lat' dir='ltr'>carm.</span> <span class='ocrx_word' id='word_1_493' title='bbox 1191 4421 1228 4474; x_wconf 89' lang='lat'>11.</span> <span class='ocrx_word' id='word_1_494' title='bbox 1238 4421 1263 4487; x_wconf 90' lang='lat'>1,</span> <span class='ocrx_word' id='word_1_495' title='bbox 1272 4421 1306 4473; x_wconf 79' lang='lat' dir='ltr'>ar</span> 
     </span>
    </p>
   </div>
   <div class='ocr_carea' id='block_1_7' title="bbox 241 4488 1306 4565">
    <p class='ocr_par' dir='ltr' id='par_1_8' title="bbox 241 4488 1306 4565">
     <span class='ocr_line' id='line_1_55' title="bbox 241 4488 1306 4565; baseline -0.008 -14"><span class='ocrx_word' id='word_1_496' title='bbox 241 4510 517 4560; x_wconf 67' lang='lat' dir='ltr'>mtesmqaouomoma.</span> <span class='ocrx_word' id='word_1_497' title='bbox 604 4556 609 4565; x_wconf 25' lang='grc' dir='ltr'>ι</span> <span class='ocrx_word' id='word_1_498' title='bbox 770 4508 831 4561; x_wconf 90' lang='lat' dir='ltr'>sqq.</span> <span class='ocrx_word' id='word_1_499' title='bbox 842 4491 894 4545; x_wconf 89' lang='lat' dir='ltr'>III.</span> <span class='ocrx_word' id='word_1_500' title='bbox 903 4491 928 4560; x_wconf 89' lang='lat'>3,</span> <span class='ocrx_word' id='word_1_501' title='bbox 940 4490 981 4544; x_wconf 81' lang='grc'>69.</span> <span class='ocrx_word' id='word_1_502' title='bbox 991 4490 1040 4546; x_wconf 87' lang='lat' dir='ltr'>IV.</span> <span class='ocrx_word' id='word_1_503' title='bbox 1051 4488 1093 4559; x_wconf 84' lang='lat'>15,</span> <span class='ocrx_word' id='word_1_504' title='bbox 1103 4491 1127 4543; x_wconf 87' lang='lat'>3.</span> <span class='ocrx_word' id='word_1_505' title='bbox 1164 4490 1197 4544; x_wconf 92' lang='lat' dir='ltr'>In</span> <span class='ocrx_word' id='word_1_506' title='bbox 1216 4488 1306 4544; x_wconf 87' lang='lat' dir='ltr'>cuius·</span> 
     </span>
    </p>
   </div>
   <div class='ocr_carea' id='block_1_8' title="bbox 0 0 1642 5442">
    <p class='ocr_par' dir='ltr' id='par_1_9' title="bbox 0 0 1642 5442">
     <span class='ocr_line' id='line_1_56' title="bbox 0 0 1642 5442; baseline 0 0"><span class='ocrx_word' id='word_1_507' title='bbox 0 0 1642 5442; x_wconf 95' lang='lat' dir='ltr'> </span> 
     </span>
    </p>
   </div>
  </div>
 </body>
</html>
