3225 5442
319 672 384 737 216
649 680 683 744 Q.
698 679 864 735 nonam
876 677 1027 733 rnaccl

320 840 406 924 quod
422 839 517 924 petis,
536 837 569 901 id
586 858 662 899 sane
679 846 728 899 est
744 835 883 899 inrisum
901 835 1101 918 acidumque
1119 837 1243 902 duobus.

270 957 304 1004 cs
321 951 443 1019 praeter
459 945 574 1006 cetera,
593 952 644 993 me
661 928 822 993 Romaene
839 939 990 1013 poemata
1008 952 1125 994 censes

321 1027 455 1091 scribere
472 1046 567 1110 posse
584 1024 665 1086 inter
680 1033 727 1086 tot
743 1044 835 1086 curas
852 1032 966 1104 totque
982 1022 1134 1087 labores?

320 1121 371 1184 hic
390 1141 539 1203 sponsum
557 1126 661 1192 votat,
678 1115 730 1179 hie
746 1116 887 1178 auditum
905 1116 1043 1199 scripta,
1062 1118 1178 1181 relictis

321 1212 466 1276 omnibus
483 1211 611 1286 officiis;
629 1209 722 1273 cubat
738 1208 790 1272 hie
806 1209 841 1271 in
858 1209 939 1272 colle
958 1208 1100 1289 Quirini,

321 1307 371 1369 hic
388 1323 527 1367 extremo
544 1304 576 1365 in
594 1303 767 1379 Aventino,
786 1302 937 1366 visendus
955 1313 1108 1385 uterque3

272 1420 304 1467 :o
321 1398 481 1462 intervalla
499 1398 587 1459 tides
606 1397 741 1459 humane
759 1395 933 1459 commoda
953 1433 996 1441 -
1014 1418 1131 1459 verum

320 1516 416 1578 purae
434 1511 505 1555 sunt
524 1492 660 1575 plateae,
678 1489 755 1552 nihil
771 1503 806 1552 ut
823 1488 1053 1555 meditantibus
1072 1490 1185 1555 obstet.
1206 1531 1243 1537 —

320 1587 446 1648 festinat
465 1585 585 1647 calidus
603 1583 696 1647 mulis
713 1583 893 1667 genilisque
909 1583 1084 1659 redemtor,

320 1697 443 1761 torquet
461 1701 543 1741 nunc
561 1679 695 1762 lapidem
714 1699 797 1740 nunc
814 1677 925 1762 ingens
943 1677 1097 1741 machina
1115 1679 1244 1763 tignum,

320 1773 418 1835 nistia
436 1772 573 1835 robustis
590 1772 746 1834 luctantur
762 1770 874 1834 funera
889 1770 1054 1854 plaustris,

270 1890 302 1933 :a
319 1867 379 1930 hac
396 1865 520 1929 rabiosa
537 1866 618 1951 fugit
636 1866 737 1940 canis,
754 1865 815 1928 hac
831 1863 985 1927 lutulenta
1001 1865 1067 1928 ruit
1086 1889 1157 1930 sus:

321 1962 331 2024 i
348 1983 446 2035 nunc,
464 1979 495 2022 et
513 1982 624 2024 versus
641 1971 744 2023 tecum
761 1959 912 2022 meditare
930 1959 1082 2023 canoros!

321 2055 506 2137 scriptorum
523 2054 636 2116 ebonis
654 2054 755 2117 omnis
772 2063 857 2115 amat
873 2075 985 2115 nemus
1004 2063 1036 2116 et
1055 2053 1144 2138 sugit
1161 2053 1262 2130 urbes,

319 2148 377 2210 rite
395 2146 492 2209 cliens
510 2146 643 2222 Bacchi,
661 2169 771 2210 somno
787 2146 952 2230 gaudentis
971 2155 1005 2209 et
1020 2146 1154 2211 umbra:

321 2261 356 2303 tu
373 2264 423 2303 me
441 2242 521 2304 inter
539 2242 685 2324 strepitus
703 2251 871 2305 nocturnos
888 2252 982 2323 atque
1000 2242 1137 2307 diurnos

268 2356 303 2403 so
320 2336 369 2398 iis
387 2356 498 2399 canere
516 2353 546 2397 et
564 2345 706 2398 contacta
724 2335 814 2417 sequi
829 2335 963 2419 vestigia
980 2338 1115 2399 ratum?

319 2430 494 2512 ingenium,
513 2427 573 2492 sibi
590 2428 675 2511 quod
691 2450 807 2491 vacuas
824 2427 975 2491 desumsit
993 2427 1147 2493 Athenas

319 2541 349 2584 et
369 2521 481 2584 studiis
499 2544 600 2585 annos
618 2531 738 2605 septem
755 2521 841 2584 dedit
858 2521 1057 2604 insenuitque

320 2614 408 2678 libris
426 2635 456 2677 et
475 2614 573 2690 curis,
591 2625 693 2678 statua
711 2614 892 2677 taciturnius
910 2615 975 2677 exit

320 2708 503 2793 plerumque
521 2720 552 2771 et
568 2708 633 2772 risu
650 2707 800 2792 populum
817 2709 930 2790 quatit3
947 2708 999 2771 hic
1017 2730 1079 2793 ego
1098 2732 1209 2773 rerum

267 2821 301 2868 85
319 2802 465 2864 fluetibus
483 2802 517 2863 in
533 2802 644 2863 mediis
662 2811 693 2863 et
711 2800 946 2884 tempestatibus
963 2800 1051 2865 urbis

319 2895 414 2959 rerba
431 2895 516 2979 lyrae
534 2906 655 2958 motura
673 2917 784 2957 sonum
801 2904 983 2958 connectere
1001 2895 1138 2979 digner?

319 2988 417 3051 frater
434 2999 500 3051 ciat
516 2988 637 3052 Romae
655 2988 788 3051 consulti
805 2987 923 3064 rhetor,
941 2999 976 3051 ut
992 2989 1073 3052 alter

320 3082 446 3146 alterius
465 3104 607 3145 sermone
625 3104 727 3145 meros
746 3082 867 3145 audiret
884 3081 1026 3156 bonores,

321 3174 484 3239 Gracchus
503 3188 538 3238 ut
555 3176 606 3238 hic
624 3176 682 3252 illi,
700 3176 782 3239 soret
798 3174 871 3239 huic
888 3187 923 3238 ut
939 3175 1068 3239 Mucius
1086 3177 1152 3241 ille.

269 3290 302 3337 90
319 3272 373 3352 qui
391 3271 493 3333 minus
512 3282 639 3355 argutos
657 3279 750 3333 vexat
768 3269 855 3333 suror
871 3270 929 3333 iste
946 3270 1076 3354 poetas?

318 3365 455 3427 carmina
473 3386 640 3448 compono,
659 3364 709 3427 hic
728 3364 842 3449 elegos.
868 3362 1027 3442 „mirabile
1045 3364 1118 3427 visu

318 3457 533 3540 caelatumque
550 3481 663 3522 norem
680 3457 784 3522 Musis
802 3458 921 3542 opusl“
941 3458 1067 3541 adspice
1085 3459 1237 3541 primum,

316 3563 434 3633 quanto
452 3574 524 3615 cuin
541 3551 639 3627 fastu,
658 3563 775 3634 quanto
792 3552 950 3615 molimine
968 3552 1101 3615 circum-

319 3658 494 3728 spectemus
512 3668 645 3709 raeuam
662 3646 814 3709 Romanis
833 3645 955 3709 vatibus
974 3644 1099 3721 aedem;

266 3760 299 3806 95
317 3763 391 3802 mox
409 3741 517 3816 etiam,
537 3741 564 3803 si
581 3739 661 3804 forte
678 3762 787 3817 vacas,
807 3762 937 3823 sequere
954 3749 986 3802 et
1002 3738 1111 3822 procul
1129 3741 1217 3816 audi,

317 3834 392 3915 quid
410 3834 489 3897 serat
506 3844 537 3896 et
555 3856 651 3916 quare
669 3834 728 3898 sibi
746 3843 849 3897 nectat
866 3843 996 3915 uterque
1013 3854 1172 3896 coronam.

317 3929 476 3992 caedimur
493 3938 523 3990 et
542 3928 670 3991 totidem
687 3928 790 4013 plagis
809 3928 1021 3992 consumimus
1038 3926 1164 3990 hostem

316 4022 400 4086 lento
420 4020 578 4085 Samnites
596 4022 637 4086 ad
654 4022 773 4085 lumina
790 4022 891 4105 prima
908 4020 1022 4084 duello,

317 4115 443 4179 discedo
461 4114 599 4179 Alcaeus
617 4126 733 4199 puncto
751 4115 834 4179 illius
840 4141 849 4192 3
868 4115 920 4178 illo
937 4136 1008 4177 meo
1025 4112 1116 4196 quis?

252 4226 299 4273 100
316 4210 386 4291 quis
404 4208 464 4272 nisi
483 4206 714 4273 Callimachus?
731 4209 758 4274 si
775 4209 846 4293 plus
865 4210 1033 4293 adposcere
1050 4207 1148 4284 visus,

316 4303 351 4363 fit
368 4303 590 4378 Mimnermus,
610 4313 640 4365 et
658 4304 763 4387 optivo
781 4303 966 4388 cognomine
984 4301 1104 4365 crescit

316 4395 414 4457 multa
431 4394 511 4469 fero,
531 4405 565 4457 ut
581 4396 703 4479 placem
720 4419 821 4481 genus
839 4395 986 4460 irritabile
1003 4403 1120 4471 vatum,
