3225 5442
488 724 648 784 EPODON
665 726 791 781 LIBER,

265 895 346 949 totus
365 893 420 949 aut
436 883 606 949 Britannus
625 894 660 948 ut
677 884 881 949 descenderet

265 1001 344 1042 sacra
361 987 522 1043 catenatus
542 978 606 1056 via3

265 1127 269 1136 .
286 1083 321 1135 nt
338 1072 511 1136 seeundum
529 1082 603 1137 vota
619 1071 809 1137 Parthorum
828 1096 886 1137 sua

264 1166 328 1230 rrbs
346 1165 424 1230 haec
441 1166 556 1250 periret
573 1165 719 1230 dextera?

264 1281 312 1343 pue
330 1259 382 1323 hie
398 1258 481 1343 lupis
500 1281 568 1323 mos
587 1281 645 1324 nec
663 1259 724 1323 fuit
740 1259 883 1325 leonibus

264 1374 413 1435 tunquam
430 1352 491 1416 nisi
508 1352 541 1416 in
558 1353 665 1437 dispar
681 1353 766 1417 seris.

263 1468 337 1512 orne
355 1468 465 1511 caecos
484 1469 525 1511 an
542 1447 622 1532 rapit
640 1447 688 1511 vis
707 1448 825 1512 acrior?

263 1564 294 1605 tn
311 1540 422 1625 eulpa?
438 1562 624 1625 responsum
642 1539 728 1604 datel

263 1643 327 1710 ent,
347 1643 378 1697 ct
395 1633 485 1698 albus
504 1657 559 1698 ora
576 1634 675 1719 pallor
692 1634 789 1699 inficit

262 1736 435 1809 nentesque
453 1727 615 1812 perculsae
634 1738 769 1813 stupent.
790 1768 831 1775 —

274 1830 335 1886 est:
355 1821 467 1886 acerba
483 1821 551 1886 fata
567 1822 728 1888 Romanos
746 1836 845 1909 agunt

263 1915 420 1997 Icelusque
437 1914 592 1979 fraternae
609 1916 705 1992 necis,

262 2007 452 2072 immerentis
470 2008 560 2072 fluxit
578 2010 611 2073 in
629 2019 744 2074 terram
760 2010 854 2075 Remi

262 2125 342 2167 vacer
358 2102 524 2189 nepotibus
543 2125 642 2168 cruor.

482 2380 681 2441 OARIIEN
702 2382 794 2440 VIII.

415 2531 454 2580 nv
475 2531 583 2582 nunu
600 2531 859 2583 nmrnrrvosnn.

260 2686 334 2750 gare
352 2664 447 2751 longo
464 2666 606 2749 putidam
624 2674 654 2729 te
673 2666 801 2732 saeculo

260 2757 333 2821 vires
351 2758 426 2841 quid
444 2769 571 2823 enervet
588 2768 684 2836 ineas,

261 2875 281 2914 n
300 2852 340 2915 sit
358 2851 413 2917 tibi
431 2853 508 2916 dens
527 2861 594 2917 ater
611 2862 641 2916 et
657 2854 746 2940 rugis
763 2863 855 2920 vetus

260 2944 387 3009 :iontem
405 2955 549 3010 senectus
568 2956 684 3024 exaret,

262 3047 335 3122 tque
353 3039 451 3124 turpis
470 3040 550 3104 inter
567 3041 670 3104 aridas
688 3050 777 3105 nates

260 3132 355 3217 podex
372 3133 458 3197 velut
475 3134 590 3198 crudae
607 3134 717 3199 bovis?

259 3226 389 3291 lineitat
406 3249 457 3291 me
473 3237 584 3313 pectus
603 3238 635 3292 et
651 3251 806 3292 mammae
824 3238 941 3312 putreS,

260 3319 365 3402 aquina
382 3320 490 3403 quales
508 3320 615 3399 ubera,

259 3421 376 3496 iterque
394 3415 510 3492 mollis,
530 3425 561 3480 et
578 3416 681 3480 femur
698 3415 889 3480 tumentibus

260 3506 332 3570 axile
351 3509 431 3573 suris
449 3509 600 3573 additum.

259 3623 277 3665 ο
297 3600 400 3676 beata,
420 3601 514 3665 funus
534 3614 627 3685 atque
644 3603 798 3689 imagines

259 3693 368 3758 lucant
385 3694 588 3779 triumphales
606 3705 709 3774 tuum3

259 3809 266 3851 r
284 3788 324 3852 sit
341 3789 465 3865 marita,
485 3811 565 3872 quae
582 3791 814 3855 rotundioribus

259 3890 365 3946 inusta
382 3881 486 3947 baccis
505 3882 651 3947 ambulet.
671 3923 713 3931 —

258 3975 301 4039 d?
318 3976 402 4057 quod
419 3975 515 4041 libelli
535 3975 634 4042 Stoici
650 3978 731 4042 inter
749 3976 875 4043 Sericos

260 4090 349 4132 acere
366 4069 513 4154 pulvillos
532 4081 652 4149 amant3

258 4162 341 4226 :erati
358 4186 435 4227 num
452 4164 555 4229 minus
573 4166 661 4229 nervi
677 4167 789 4251 rigent,

257 4256 393 4321 ninusve
410 4256 539 4344 languet
555 4259 730 4323 fascinum?

257 4349 292 4414 >d
309 4360 345 4413 ut
362 4351 498 4435 superbo
515 4374 667 4435 provoces
685 4352 725 4416 ab
744 4352 882 4438 inguine,

257 4465 301 4508 >re
320 4444 554 4510 allaborandum
573 4446 703 4511 esttibi.
