3225 5442
333 803 335 807 .
447 738 656 797 CARMINUM
672 738 746 794 LIB.
759 739 809 796 lV.

481 984 678 1045 GARMEN
699 983 774 1044 XV.

349 1126 532 1178 cnnsnms
556 1125 722 1177 Aucusul
744 1125 906 1175 arunas.

262 1251 410 1316 Phoebus
428 1251 584 1316 volentem
602 1249 719 1335 proelia
736 1271 787 1313 me
804 1248 890 1332 loqui

262 1345 361 1410 victas
380 1354 412 1408 et
429 1344 522 1409 urbes
540 1343 692 1428 increpuit
708 1342 786 1427 lyra,

305 1460 345 1502 ne
362 1460 460 1523 parva
476 1436 674 1522 Tyrrhenum
692 1458 748 1521 per
764 1457 881 1520 aequor

345 1530 415 1594 vela
432 1531 548 1595 darem.
567 1539 635 1606 tua,
655 1528 787 1604 Caesar,
806 1537 892 1593 aetas

262 1649 369 1734 fruges
387 1658 419 1712 et
435 1648 519 1733 agris
536 1647 654 1712 rettulit
671 1646 794 1723 uberes,

264 1752 295 1807 et
313 1742 402 1828 signa
418 1751 525 1806 nostro
543 1740 678 1805 restituit
694 1740 773 1815 Iovi,

303 1836 430 1919 derepta
446 1833 634 1898 Parthorum
652 1831 793 1917 superbis

343 1927 500 2013 postibus,
520 1936 551 1991 et
568 1947 702 1991 vacuum
719 1924 831 1988 duellis

260 2046 372 2110 Ianum
391 2044 559 2128 Quirinum
576 2044 687 2108 clausit
705 2052 736 2107 et
753 2043 893 2107 ordinem

260 2148 377 2202 rectum
396 2138 541 2224 evaganti
558 2137 648 2202 frena
664 2135 808 2201 licentiae

301 2232 406 2295 iniecit
423 2231 599 2316 emovitque
617 2230 725 2315 culpas

343 2334 375 2388 et
391 2314 512 2389 veteres¹
529 2323 688 2389 revocavit
705 2332 797 2399 artes,

259 2465 314 2527 per
331 2465 409 2526 quas
426 2443 579 2507 Latinum
595 2463 710 2506 nomen
728 2450 759 2506 et
776 2440 875 2504 Italae

259 2557 383 2600 crevere
399 2535 482 2600 vires
499 2535 647 2619 famaque
665 2544 696 2600 et
711 2534 823 2619 imperi

300 2640 442 2713 porrecta
458 2630 605 2693 maiestas
624 2629 665 2692 ad
682 2638 784 2692 ortum

342 2721 416 2786 solis
434 2720 474 2786 ab
492 2720 649 2806 Hesperio
667 2721 771 2786 cubili.

259 2840 387 2904 custode
404 2862 508 2903 rerum
528 2838 664 2904 Caesare
681 2863 745 2904 non
762 2838 849 2903 suror

258 2932 356 2997 civilis
374 2942 428 2996 aut
445 2933 493 2996 vis
512 2933 617 3018 exiget
635 2923 743 3009 otium,

299 3049 361 3090 non
378 3026 438 3103 ira,
457 3023 537 3108 quae
555 3027 698 3111 procudit
716 3047 809 3090 enses

342 3127 373 3182 et
390 3118 520 3183 miseras
538 3119 676 3183 inimicat
694 3118 798 3183 urbes.

258 3259 335 3312 non,
354 3238 408 3319 qui
424 3237 616 3321 profundum
633 3236 818 3301 Danubium
837 3234 955 3312 bibunt,

257 3330 358 3393 edicta
374 3340 519 3415 rumpent
535 3330 630 3408 Iulia,
650 3353 712 3396 non
732 3328 843 3406 Getae,

242 3481 247 3490 .
299 3446 362 3487 non
380 3421 475 3488 Seres
492 3424 619 3487 infidive
638 3423 765 3500 Persae,

340 3539 403 3581 non
421 3516 543 3581 Tanain
560 3539 658 3603 prope
674 3517 792 3580 flumen
810 3516 883 3593 orti3

256 3656 375 3717 nosque
393 3644 424 3698 et
441 3634 588 3719 profestis
606 3634 728 3700 lucibus
747 3644 778 3699 et
796 3634 892 3699 sacris

256 3726 335 3790 inter
351 3727 448 3791 iocosi
465 3750 595 3792 munera
611 3727 721 3792 Liberi

298 3841 369 3883 cum
386 3820 473 3904 prole
490 3821 701 3904 matronisque
719 3821 844 3897 nostris,

338 3913 397 3977 rite
415 3913 490 3978 deos
507 3914 594 3999 prius
613 3914 780 3999 apprecati‚

255 4030 368 4095 virtute
385 4031 510 4097 functos
528 4054 614 4096 more
631 4041 755 4116 patrum
773 4032 869 4096 duces

255 4122 359 4208 Lydis
378 4125 510 4189 remixto
529 4125 664 4189 carmine
683 4125 767 4190 tibiis

297 4217 486 4301 Troiamque
504 4227 536 4282 et
551 4217 715 4283 Anchisen
732 4226 764 4282 et
780 4216 881 4281 almae

337 4311 519 4397 progeniem
537 4311 669 4376 Veneris
687 4332 846 4374 canemus.
