3225 5442
509 710 784 769 EPISTOLARUM
801 712 877 767 LIB.
891 713 913 766 Ι.
1161 701 1224 767 199

195 872 295 949 idem,
314 871 342 935 si
359 871 472 935 clamet
489 868 605 947 furem,
624 882 719 956 neget
736 892 806 934 esse
823 870 983 954 pudicum,

193 966 362 1033 contendat
379 964 492 1047 laqueo
510 963 625 1028 collum
642 963 796 1048 pressisse
813 972 977 1047 paternum
983 988 992 1042 ;

168 1121 176 1140 ,
195 1060 339 1125 mordear
357 1057 531 1143 opprobriis
549 1057 638 1123 falsis
656 1067 836 1141 mutemque
855 1058 983 1122 colores.

195 1153 296 1219 falsus
313 1153 413 1218 honor
428 1152 516 1217 iuvat
533 1161 564 1216 et
580 1151 716 1215 mendax
733 1151 863 1215 infamia
880 1161 973 1215 terret

195 1270 301 1331 quem,
319 1247 380 1311 nisi
394 1246 580 1310 mendosum
595 1256 626 1309 et
638 1245 877 1309 medicandum?
893 1244 1056 1310 virbonus
1070 1256 1118 1311 est
1135 1246 1226 1330 quis?
1243 1267 1276 1314 40

194 1342 252 1426 qui
269 1340 411 1405 consulta
427 1348 565 1424 patrum,
584 1339 638 1421 qui
655 1339 743 1425 leges
761 1339 890 1422 iuraque
909 1348 1027 1417 servat3

175 1458 260 1520 vquo
278 1434 392 1498 multae
410 1454 605 1518 magnaeque
623 1442 768 1497 secantur
784 1433 887 1497 iudice
904 1433 974 1497 lites
980 1458 989 1510 3

195 1550 260 1613 quo
277 1551 327 1592 res
346 1550 497 1613 sponsore
516 1536 547 1590 et
564 1548 626 1611 quo
645 1549 776 1591 caussae
795 1536 874 1602 teste
892 1536 1044 1591 tenentur.

196 1622 255 1687 sed
271 1622 356 1685 videt
373 1620 457 1685 hunc
474 1621 576 1685 omnis
594 1620 706 1684 domus
725 1629 756 1684 et
773 1620 887 1684 vicinia
904 1630 970 1685 tota

196 1717 363 1780 introrsum
383 1724 519 1799 turpem,
538 1714 716 1799 speciosum
732 1714 814 1798 pelle
832 1715 954 1779 decora.

196 1831 255 1874 nec
272 1809 389 1873 furtum
407 1808 470 1872 feci
486 1830 545 1872 nec
562 1808 645 1893 fugi,
665 1808 691 1872 si
709 1807 786 1872 mihi
804 1808 888 1872 dicat

160 1925 164 1970 ζ
196 1926 321 1969 servus:
339 1901 437 1967 habes
454 1903 602 1987 pretium,
621 1902 695 1966 loris
713 1924 777 1966 non
794 1902 909 1979 ureris,
929 1902 987 1966 aio.
1007 1941 1049 1949 —

196 2019 260 2062 non
276 1996 434 2060 hominem
453 1995 561 2060 occidi.
580 2033 622 2042 —
640 2018 703 2060 non
720 2016 831 2081 pasces
849 1994 882 2058 in
904 2017 995 2059 cruce
1013 2017 1134 2061 corvos.
1154 2034 1195 2042 -

198 2113 268 2154 sum
285 2089 387 2154 bonus
406 2099 437 2153 ct
454 2088 548 2174 frugi.
571 2089 673 2152 renuit
690 2089 872 2174 negitatque
892 2086 1048 2153 Sabellus.

197 2193 307 2247 cautus
326 2183 408 2246 enim
426 2182 537 2246 metuit
554 2182 679 2246 foveam
696 2182 790 2267 lupus
809 2181 1018 2266 accipiterque
1243 2201 1277 2249 50

197 2286 360 2362 suspectos
377 2276 507 2359 laqueos
526 2289 557 2340 et
574 2286 716 2360 opertum
735 2276 850 2340 miluus
868 2275 1006 2339 hamum.

197 2372 330 2435 oderunt
346 2392 477 2455 peccare
494 2369 569 2434 boni
586 2370 710 2434 virtutis
728 2391 849 2447 amore3

198 2475 233 2528 tu
249 2464 326 2527 nihil
343 2463 488 2527 admittes
506 2463 587 2532 inte
606 2463 770 2528 formidine
788 2484 921 2548 poenae:

198 2558 239 2623 sit
257 2579 329 2643 spes
347 2556 489 2634 fallendi,
509 2556 655 2622 miscebis
674 2579 763 2622 sacra
780 2555 920 2642 profanis
926 2581 935 2633 ;

197 2676 271 2717 nam
288 2652 328 2715 de
345 2651 429 2715 mille
446 2651 539 2715 fabae
556 2651 669 2715 modiis
688 2673 785 2734 quum
804 2651 934 2736 surripis
953 2672 1061 2727 unum,
1243 2668 1276 2717 55

198 2746 347 2810 damnum
365 2754 426 2822 est,
445 2767 508 2809 non
526 2744 661 2822 facinus,
681 2746 756 2808 mihi
770 2754 867 2830 pacto
885 2744 986 2809 lenius
1005 2743 1075 2809 isto.

197 2838 379 2915 virbonus,
398 2860 490 2902 omne
507 2837 610 2903 forum
628 2860 722 2922 quem
741 2849 862 2922 spectat
880 2848 911 2902 et
929 2859 1020 2901 omne
1039 2837 1183 2913 tribunal,

198 2932 460 3015 quandocumque
477 2931 554 2996 deos
571 2931 622 2995 vel
638 2954 734 3017 porco
752 2931 802 2995 vel
821 2930 902 2996 bove
919 2931 1032 3016 placat,

198 3026 275 3090 Iane
293 3036 395 3110 pater,
414 3025 509 3102 clare,
529 3025 610 3089 clare
628 3047 725 3108 quum
743 3025 836 3101 dixit,
855 3014 986 3109 Apollo;

197 3119 287 3184 labra
304 3128 409 3183 movet
426 3129 568 3183 metuens
586 3119 700 3183 audiris
719 3119 857 3183 Pulchra
874 3119 1031 3193 Laverna,
1244 3136 1278 3184 60
1389 3136 1390 3139 ’
1459 3146 1463 3154 ·

198 3213 241 3277 (15
257 3212 334 3276 mihi
351 3211 473 3277 fallercl
492 3213 532 3277 da
549 3212 667 3277 iustum
685 3222 890 3295 sanctumque
908 3210 1020 3275 videril

198 3316 322 3372 noctem
339 3306 476 3391 peccatis
495 3317 526 3371 et
542 3306 705 3371 fraudibus
723 3305 823 3370 obiice
842 3304 972 3370 nubeml

199 3400 253 3484 qui
272 3400 381 3464 melior
398 3401 502 3478 servo,
521 3400 575 3483 qui
593 3400 718 3465 liberior
735 3400 775 3463 sit
794 3422 917 3476 avarus,

198 3495 231 3558 in
249 3494 348 3558 triviis
366 3493 464 3558 fixum
482 3516 579 3578 quum
598 3516 632 3558 se
650 3493 785 3558 demittit
801 3493 842 3558 ob
860 3514 973 3570 assem,

198 3610 263 3652 non
279 3587 385 3665 vide03
403 3610 477 3651 nam
494 3588 550 3671 qui
566 3588 684 3673 cupiet,
703 3596 821 3651 metuet
837 3607 962 3670 quoque
968 3610 977 3665 3
995 3608 1087 3671 porro
1246 3606 1280 3654 05

199 3681 254 3764 qui
271 3690 413 3745 metuens
431 3681 529 3758 vivet,
547 3680 626 3746 liber
643 3682 720 3745 mihi
737 3704 801 3746 non
819 3680 876 3745 erit
894 3703 1042 3765 unquam.

197 3774 333 3860 perdidit
351 3798 451 3852 arma,
469 3774 574 3840 locum
591 3775 714 3839 virtutis
732 3775 883 3852 deseruit,
902 3776 957 3858 qui

200 3889 325 3953 semper
342 3868 373 3931 in
391 3870 537 3955 augenda
553 3869 682 3934 festinat
698 3878 729 3933 et
747 3868 889 3933 obruitur
906 3890 949 3932 re.

199 3963 335 4027 vendere
353 3984 450 4046 quum
467 3963 571 4048 possis
589 3963 761 4047 captivum,
780 3962 922 4027 occidere
939 3961 1017 4038 noli3

200 4056 315 4120 serviet
331 4057 460 4122 utiliter:
480 4057 546 4122 sine
563 4066 674 4142 pascat
690 4057 787 4120 durus
805 4064 949 4138 aretque3
1053 4092 1056 4099 ·

199 4149 327 4235 naviget
344 4172 381 4213 ac
398 4150 509 4215 mediis
527 4150 643 4215 hiemet
660 4158 813 4214 mercator
829 4149 863 4213 in
880 4148 988 4224 undis3

200 4265 341 4307 annonae
358 4244 471 4328 prosit3
489 4255 591 4330 portet
608 4245 765 4309 frumenta
781 4263 955 4328 penusque.

200 4335 368 4401 virbonus
385 4346 417 4401 et
434 4338 559 4423 sapiens
577 4338 705 4404 audebit
722 4337 839 4402 dicere:
859 4334 1011 4412 Pentheu,

200 4438 303 4496 rector
320 4429 513 4510 Thebarum,
533 4431 608 4516 quid
625 4454 676 4497 me
693 4431 830 4517 perferre
848 4429 975 4515 patique
