3225 5442
294 810 295 813 w
320 715 384 781 338
650 725 684 790 0.
699 722 865 779 000000
878 722 1021 780 annom

320 909 434 951 munus
453 895 484 950 et
501 883 654 959 officium,
672 882 717 945 nil
736 880 876 945 scribens
893 881 977 967 ipse,
996 882 1128 960 doceb0,

319 980 402 1045 unde
420 989 568 1063 parentur
584 998 674 1060 opes,
693 976 769 1059 quid
787 974 850 1038 0100
867 974 1043 1059 formetque
1061 986 1196 1061 poetam,

312 1074 396 1159 ‘quid
413 1073 535 1147 deceat,
554 1070 630 1153 quid
647 1092 724 1145 00ος
742 1090 805 1153 quo
824 1069 937 1146 virtus,
956 1091 1020 1152 quo
1038 1070 1120 1135 ferat
1138 1094 1228 1136 error.

364 1165 518 1231 scribendi
536 1175 619 1228 recte
638 1185 747 1248 sapere
766 1172 814 1227 est
832 1171 863 1226 et
879 1163 1069 1249 principium
1087 1175 1119 1228 et
1137 1166 1216 1230 sons.

253 1283 303 1330 330
320 1284 385 1325 rem
404 1259 460 1323 tibi
480 1257 657 1324 Socraticae
674 1265 823 1341 poterunt
839 1258 1003 1321 ostendere
1022 1259 1159 1336 chartae,

320 1354 478 1435 verbaque
496 1351 653 1436 proiisam
671 1374 737 1414 rem
755 1373 819 1414 non
836 1351 934 1415 invita
952 1363 1133 1434 sequentur.

320 1448 374 1531 qui
392 1446 512 1522 didicit,
531 1445 648 1529 patriae
667 1444 743 1528 quid
760 1442 873 1508 debeat
891 1455 922 1508 et
940 1445 1016 1527 quid
1034 1446 1159 1523 amicis3

320 1563 384 1624 quo
402 1540 442 1603 sit
460 1560 565 1603 amore
582 1560 711 1622 parens,
730 1560 793 1620 quo
812 1538 907 1602 frater
924 1539 1077 1603 amandus
1097 1550 1129 1603 00
1145 1540 1273 1625 hospes3

322 1633 407 1716 quod
426 1633 465 1696 sit
483 1632 664 1717 conscripti,
683 1632 768 1714 quod
785 1632 897 1697 iudicis
916 1632 1070 1711 officium3
1090 1655 1172 1717 quac

253 1748 303 1795 315
320 1737 424 1811 partes
443 1725 475 1789 in
493 1724 610 1790 bellum
627 1725 716 1789 missi
734 1725 837 1790 ducis:
856 1725 908 1789 ille
925 1726 1067 1810 profecto

320 1821 449 1886 reddere
467 1842 618 1904 personae
637 1820 696 1884 scit
714 1820 930 1883 convenientia
948 1821 1070 1904 cuique.

320 1915 475 2000 respicere
493 1912 652 1997 exemplar
670 1914 752 1978 vitae
770 1936 955 1997 morumque
972 1914 1089 1979 iubebo

321 2009 447 2073 doctum
465 2009 652 2072 imitatorem
670 2017 701 2071 et
718 2008 808 2073 vivas
826 2008 899 2071 hine
916 2009 1030 2073 ducere
1047 2031 1154 2074 voces.

320 2103 476 2167 interdum
495 2102 638 2185 speciosa
655 2100 732 2165 locis
751 2111 932 2183 morataque
949 2111 1034 2166 recte

253 2216 303 2265 330
320 2195 429 2260 fabula
447 2195 562 2259 nullius
580 2195 703 2259 veneris
723 2195 789 2259 sine
806 2196 944 2280 pondere
962 2204 993 2259 et
1010 2205 1075 2259 arte

320 2290 442 2354 valdius
461 2288 597 2353 oblectat
614 2288 764 2373 populum
782 2289 955 2373 meliusque
973 2300 1123 2368 moratur,

320 2406 414 2467 quarn
433 2405 542 2446 versus
561 2382 669 2467 inopes
687 2405 791 2446 rerum
809 2405 974 2467 nugaeque
992 2404 1136 2448 canorae.

365 2473 469 2540 Graiis
487 2475 661 2561 ingenium,
682 2473 785 2544 ‚Graiis
804 2476 890 2539 dedit
907 2499 960 2541 ore
977 2478 1112 2542 rotundo

320 2568 417 2633 Musa
434 2569 533 2651 loqui,
552 2579 674 2653 praeter
691 2570 816 2634 laudem
833 2570 948 2635 nullius
966 2571 1078 2635 avaris.

253 2684 302 2733 325
321 2664 455 2728 Romani
472 2666 562 2749 pueri
578 2664 681 2751 longis
699 2665 870 2730 rationibus
889 2688 993 2730 assem

320 2758 444 2823 discunt
462 2758 494 2820 in
511 2768 615 2842 partes
634 2768 760 2822 centum
777 2759 933 2822 diducere.
957 2760 1041 2822 dicat

321 2852 402 2915 filius
423 2851 545 2914 Albini:
567 2852 669 2930 „side
688 2852 862 2933 quincunce
880 2862 1000 2916 remota
1018 2863 1067 2916 est

322 2946 427 3021 uncia,
446 2945 521 3027 quid
540 2946 707 3030 superat?“
728 2985 769 2993 -
786 2958 910 3030 poteras
929 2946 1059 3011 dixisse:
1081 2950 1226 3026 „triena.“
1250 2946 1296 3012 001

321 3062 387 3102 rem
404 3039 520 3123 poteris
540 3061 663 3103 servare
681 3039 781 3103 tuaml
800 3079 843 3087 —-
860 3040 939 3103 redit
956 3040 1062 3117 uncia,
1081 3042 1160 3124 quid
1177 3042 1231 3105 fit?
1249 3086 1287 3092 -

253 3152 303 3199 330
323 3136 459 3210 ,‚aemia.“
484 3142 514 3195 at
532 3132 610 3196 haec
628 3133 749 3197 animos
768 3156 885 3219 aerugo
904 3143 935 3196 et
952 3156 1027 3197 cura
1044 3135 1150 3217 peculi

320 3248 418 3308 quum
436 3225 533 3289 semel
550 3225 710 3302 imbuerit,
730 3249 893 3310 speramus
912 3227 1049 3291 carmina
1067 3226 1146 3311 fingi

320 3341 414 3403 posse
431 3319 557 3383 linenda
575 3319 668 3383 cedro
686 3329 717 3383 00
733 3320 795 3384 levi
814 3322 967 3385 servanda
985 3323 1155 3405 cupresso?

364 3422 417 3476 aut
434 3413 583 3497 prodesse
601 3413 723 3490 volunt,
743 3424 797 3478 aut
815 3415 969 3478 delectare
986 3425 1108 3499 poetae,

321 3516 374 3569 aut
393 3506 485 3570 simul
503 3515 533 3570 et
550 3507 687 3570 iucunda
704 3517 735 3570 00
752 3506 865 3572 idonea
883 3509 985 3572 dicere
1004 3509 1096 3571 vitae.

253 3621 301 3667 333
320 3599 471 3681 quidquid
489 3601 674 3684 praecipies,
694 3611 760 3665 esto
778 3601 897 3678 brevis,
915 3611 951 3665 ut
969 3602 1029 3665 cito
1048 3602 1133 3665 dicta

320 3693 492 3777 percipiant
510 3694 605 3758 animi
623 3694 740 3758 dociles
760 3704 947 3778 teneantque
964 3695 1082 3759 fideles.

321 3808 412 3850 omne
431 3809 659 3870 supervacuum
677 3789 771 3873 pleno
789 3790 829 3853 de
846 3799 972 3873 pectore
989 3797 1104 3852 manat.

320 3880 393 3942 ficta
410 3879 577 3963 voluptatis
596 3903 709 3946 caussa
727 3883 789 3946 sint
805 3882 1061 3967 proximaveris:

320 3995 359 4036 ne
365 4020 373 4049 ,
393 3974 612 4057 quodcumque
629 3977 727 4052 volet,
746 3986 858 4060 poscat
876 3977 935 4041 sibi
953 3976 1061 4040 fabula
1078 3978 1174 4053 credi,

254 4080 303 4129 340
319 4088 381 4130 000
398 4088 530 4150 pransae
549 4070 681 4133 Lamiae
699 4070 807 4133 vivum
825 4093 957 4155 puerum
976 4071 1118 4134 extrahat
1137 4070 1220 4135 alvo.

319 4160 475 4224 centuriae
495 4162 651 4226 seniorum
669 4163 788 4250 agitant
807 4164 946 4249 expertia
964 4163 1079 4249 frugis;

319 4255 394 4319 celsi
411 4264 608 4339 praetereunt
626 4268 751 4321 austera
767 4269 915 4341 poemata
931 4258 1107 4322 Rhamnes:

266 4429 268 4434 Ι
320 4371 410 4412 omne
430 4349 499 4412 tulit
516 4362 667 4433 punctum
685 4352 739 4434 qui
757 4352 883 4416 miscuit
901 4352 975 4415 utile
994 4351 1079 4414 dulci

318 4440 464 4507 lectorem
484 4443 666 4509 delectando
684 4445 860 4529 pariterque
878 4446 1043 4511 menende.
