3225 5442
217 698 279 763 172
546 706 581 771 Q.
596 705 759 762 HORATII
771 702 917 761 FLAccl

214 877 245 932 et
262 889 343 950 quae
362 866 403 930 sit
420 873 532 929 natura
548 862 624 928 boni
642 884 864 946 summumque
881 863 961 945 quid
979 864 1058 929 eius.

215 961 349 1026 Cervius
367 961 445 1024 haee
462 960 542 1023 inter
559 958 680 1022 vicinus
697 958 795 1043 ganit
813 957 912 1022 aniles

214 1079 253 1121 ex
270 1078 303 1119 re
323 1053 464 1118 fabellas.
488 1053 514 1117 si
532 1053 603 1136 quis
621 1075 694 1116 nam
712 1051 819 1115 laudat
835 1051 940 1116 Arelli

214 1149 360 1214 sollicitas
379 1148 507 1232 ignauis
525 1168 615 1231 opes,
635 1146 681 1210 sie
698 1146 819 1230 incipit:
840 1143 927 1210 Olim

163 1264 197 1312 80
214 1242 349 1307 rusticus
367 1240 523 1305 urbanum
541 1262 662 1303 murem
679 1262 750 1303 mus
768 1261 908 1323 paupere
925 1240 1030 1305 fertur

214 1336 374 1420 accepisse
393 1356 486 1411 cavo,
505 1344 643 1398 veterem
661 1346 752 1398 vetus
770 1333 887 1417 hospes
906 1336 1059 1423 amicum,

215 1453 307 1516 asper
324 1438 355 1493 et
372 1438 509 1493 attentus
527 1428 692 1512 quaesitis,
711 1437 746 1491 ut
763 1437 869 1491 tamen
886 1439 994 1493 artum

216 1525 351 1590 solveret
367 1523 511 1608 hospitiis
529 1522 678 1587 animum.
701 1522 777 1605 quid
794 1522 913 1586 multa?
930 1546 1037 1607 neque
1054 1525 1108 1590 ille

216 1619 344 1704 sepositi
361 1617 469 1682 ciceris
487 1639 546 1681 nec
562 1616 676 1701 longae
693 1616 804 1685 invidit
821 1638 950 1692 avenae,

163 1734 196 1781 85
215 1714 336 1778 aridum
354 1723 385 1777 et
402 1734 455 1776 ore
473 1711 577 1776 serens
596 1711 720 1775 acinum
738 1732 925 1794 semesaque
942 1711 1028 1776 lardi

215 1808 315 1873 frusta
333 1807 432 1883 dedit,
451 1806 581 1890 cupiens
599 1805 687 1869 varia
703 1804 831 1869 fastidia
848 1827 947 1869 coena

214 1902 339 1965 vincere
357 1900 514 1985 tangentis
533 1899 614 1963 male
632 1898 757 1984 singula
774 1899 866 1962 dente
885 1898 1026 1984 superbo
1032 1926 1043 1977 3

215 2017 312 2078 quum
330 2005 419 2080 pater
435 1995 504 2079 ipse
522 1994 634 2058 domus
652 1993 744 2078 palea
760 2003 922 2077 porrectus
940 1994 974 2057 in
993 1994 1098 2059 horna

216 2099 300 2153 esset
317 2090 394 2153 ador
410 2087 594 2171 loliumque,
614 2087 704 2172 dapis
722 2086 851 2153 meliora
867 2086 1062 2170 relinquens.

165 2201 198 2250 90
216 2183 341 2246 tandem
360 2181 499 2246 urbanus
518 2182 559 2245 ad
576 2181 674 2245 hune:
693 2181 770 2264 quid
787 2190 818 2245 te
835 2181 936 2258 iuvat,
955 2181 1075 2264 inquit,
1095 2183 1201 2259 amice,

215 2274 375 2360 praerupti
391 2276 529 2339 nemoris
546 2276 716 2360 patientem
734 2275 839 2338 vivere
857 2274 971 2339 dorso?

216 2369 265 2433 vis
284 2378 319 2432 tu
335 2369 477 2432 homines
496 2368 668 2451 urbemque
685 2367 761 2432 feris
778 2389 972 2454 praeponere
992 2368 1106 2433 silvis?

217 2484 309 2545 carpe
327 2462 425 2539 viam,
444 2461 521 2524 mihi
539 2461 646 2539 erede,
665 2483 786 2539 eomes,
804 2462 962 2526 terrestria
978 2463 1113 2544 quando

218 2554 365 2619 mortales
383 2555 503 2618 animas
522 2555 632 2617 vivunt
650 2554 772 2632 sortita,
790 2576 893 2638 neque
910 2555 976 2619 ulla
995 2566 1047 2620 est

167 2671 199 2718 95
217 2658 271 2713 aut
288 2670 403 2733 magno
421 2656 475 2711 aut
492 2670 589 2731 parvo
606 2647 661 2711 leti
679 2648 769 2734 suga:
788 2670 865 2733 quo,
885 2648 981 2725 bone,
1001 2647 1098 2727 eirea,

218 2745 293 2807 dum
310 2742 396 2819 licet,
415 2742 447 2805 in
465 2740 560 2806 rebus
577 2741 722 2807 iucundis
740 2742 812 2806 vive
830 2742 951 2819 beatus,

216 2837 288 2900 vive
306 2858 437 2912 memor,
458 2858 553 2917 quam
571 2835 614 2899 sis
633 2835 703 2899 aevi
720 2834 835 2900 brevis.
858 2835 936 2900 haec
955 2834 1010 2899 ubi
1029 2836 1117 2901 dicta

217 2940 374 3016 agrestem
391 2929 553 3015 pepulere,
573 2929 666 2994 domo
684 2930 763 2994 levis
782 2930 899 3006 exsilit3
918 2929 991 2993 inde

217 3024 310 3088 ambo
327 3023 523 3107 propositum
539 3033 693 3109 peragunt
710 3024 781 3100 iter,
800 3023 887 3088 urbis
905 3033 1035 3089 aventes

153 3142 199 3188 100
216 3118 340 3182 moenia
357 3116 501 3181 nocturni
519 3116 697 3202 subrepere.
721 3118 847 3201 iamque·
865 3116 992 3182 tenebat

217 3235 281 3276 nox
298 3211 436 3274 medium
455 3210 532 3273 caeli
551 3211 700 3295 spatium,
719 3234 817 3294 quum
832 3212 923 3297 'ponit
940 3220 1076 3294 uterque

216 3309 250 3372 in
266 3305 420 3390 locuplete
440 3306 532 3369 domo
551 3306 698 3391 vestigia,
717 3306 811 3371 rubro
830 3306 884 3370 ubi
902 3329 996 3371 cocco

217 3403 314 3465 tincta
332 3422 426 3484 super
443 3398 540 3463 lectos
560 3402 706 3464 canderet
723 3400 820 3464 vestis
839 3400 985 3476 eburnos,

217 3494 376 3576 multaque
395 3494 434 3557 de
452 3517 568 3579 magna
586 3504 786 3578 superessent
803 3494 923 3558 fercula
941 3515 1051 3569 coena,

151 3608 199 3655 105
217 3610 297 3672 quae
314 3588 423 3672 procul
441 3590 607 3654 exstructis
625 3589 747 3653 inerant
764 3589 910 3654 hesterna
928 3589 1086 3653 canistris.

217 3705 293 3768 ergo
311 3682 365 3746 ubi
382 3705 539 3767 purpurea
556 3693 734 3769 porrectum
751 3685 783 3748 in
802 3694 889 3749 veste
906 3683 1023 3747 locavit

138 3796 139 3804 ¹
218 3784 388 3862 agrestem,
408 3777 505 3840 veluti
523 3778 700 3842 succinctus
719 3778 849 3842 cursitat
866 3778 981 3861 hospes

218 3869 439 3953 continuatque
457 3871 570 3955 dapes3
588 3894 647 3936 neo
665 3894 729 3935 non
747 3871 905 3936 verniliter
920 3869 999 3955 ipsis

218 3964 360 4049 fungitur
377 3964 504 4040 officiis,
523 3965 740 4049 praelambens
760 3988 852 4029 omne
871 3965 954 4048 quod
973 3962 1074 4027 affert.

154 4058 269 4125 110’ille
287 4058 405 4123 cubans
424 4060 541 4143 gaudet
559 4069 678 4125 mutata
696 4070 792 4137 sorte,
812 4059 965 4143 bonisque

217 4151 311 4217 rebus
330 4152 396 4237 agit
412 4153 529 4216 laetum
547 4154 725 4230 convivam,
744 4176 841 4236 quum
861 4151 964 4217 subito
980 4151 1095 4237 ingens

218 4247 379 4310 valvarum
398 4248 544 4331 strepitus
563 4247 650 4312 lectis
670 4248 809 4312 excussit
826 4257 1002 4329 utrumque.

218 4361 341 4403 currere
357 4362 414 4425 per
432 4350 529 4405 totum
547 4341 653 4426 pavidi
671 4342 832 4419 conclave,
851 4340 1015 4425 magisque

219 4433 378 4497 exanimes
397 4435 564 4518 trepidare,
584 4435 676 4500 simul
694 4436 806 4501 domus
826 4436 889 4500 alta
906 4433 1058 4498 Molossis
