3225 5442
320 712 384 777 2⁴26
655 719 689 785 Q.
703 718 869 774 HORATII
882 721 1032 777 FLACCI

319 881 417 967 regali
435 887 621 963 conspectus
639 876 672 940 in
689 899 765 941 auro
782 900 884 963 nuper
901 889 935 943 et
953 889 1056 957 ostro,

320 977 433 1061 migret
450 975 481 1037 in
499 972 649 1036 obscuras
667 970 778 1034 humili
795 993 942 1037 sermone
961 974 1127 1053 tabernas,

193 1120 196 1126 .
253 1091 302 1139 ‘2³0
321 1082 387 1145 aut,
407 1069 482 1131 dum
500 1067 577 1129 vitat
594 1064 740 1141 humum,
758 1064 858 1130 nubes
876 1076 908 1129 ct
926 1067 1039 1131 inania
1058 1080 1176 1154 captet.

321 1163 442 1227 cllirtirc
460 1161 545 1224 leves
564 1158 694 1244 indigna
711 1159 872 1245 tragoedia
889 1182 1014 1236 versus,

321 1268 356 1320 ut
373 1256 462 1320 festis
481 1265 623 1318 matrona
640 1253 759 1317 moveri
775 1253 863 1317 iussa
880 1253 1005 1331 diebus,

321 1349 458 1413 intererit
477 1347 599 1432 Satyris
617 1347 757 1432 paullum
774 1346 960 1431 pudibunda
977 1352 1152 1434 protervis.

320 1466 383 1507 non
401 1464 460 1527 ogo
477 1442 620 1505 inornata
638 1452 669 1505 et
687 1440 878 1505 dominantia
894 1442 1027 1506 nomina
1047 1445 1156 1509 solum

253 1536 491 1618 cavataque,
511 1535 659 1611 Pisones,
680 1533 864 1619 Satyrorum
882 1536 1018 1620 scriptor
1037 1539 1158 1604 amabo
1164 1565 1174 1617 3

319 1649 379 1692 nec
397 1629 442 1692 sic
460 1628 559 1691 enitar
577 1628 697 1713 tragico
714 1627 839 1691 differre
857 1627 963 1705 colori,

321 1733 355 1785 ut
371 1722 448 1785 nibil
466 1722 601 1798 intersit,
620 1721 773 1785 Davusne
791 1721 935 1804 loquatur
953 1732 986 1786 et
1003 1724 1116 1788 audax

320 1814 467 1900 Pythias,
486 1826 632 1879 emuncto
650 1814 770 1879 lucrata
788 1813 916 1880 Simone
934 1816 1104 1895 talentum,

321 1933 362 1973 an
379 1918 485 1973 custos
503 1908 702 1991 famulusque
721 1908 772 1971 dci
791 1906 915 1973 Silenus
934 1908 1068 1974 alumni.

254 2025 304 2071 aro
323 2027 363 2067 cx
380 2012 454 2067 noto
472 2003 578 2066 fictum
598 2024 722 2066 carmen
741 2024 867 2085 sequar,
885 2011 920 2065 ut
938 2002 999 2066 sibi
1017 2005 1128 2086 quivis

322 2107 424 2182 speret
443 2097 541 2172 idem,
561 2096 653 2160 sudet
669 2095 802 2159 multum
821 2096 999 2178 frustraque
1017 2097 1147 2163 laboret

322 2214 418 2256 ausus
437 2192 533 2254 idem:
553 2199 674 2253 tantum
693 2189 788 2253 series
806 2189 1013 2272 iuncturaque
1029 2193 1144 2275 pollet,

323 2295 443 2348 tantum
461 2285 500 2347 dc
519 2284 622 2348 medio
641 2284 751 2348 sumtis
770 2284 889 2347 accedit
906 2283 1044 2349 honoris.

325 2379 412 2442 silvis
431 2379 558 2442 deducti
576 2388 720 2454 caveant,
739 2400 790 2442 mc
807 2378 923 2454 iudice,
942 2377 1058 2455 Fauni,

255 2490 305 2537 245
322 2494 362 2535 ne
381 2472 466 2535 velut
483 2473 581 2536 innati
599 2473 698 2537 triviis
716 2494 753 2536 ac
770 2494 871 2556 paene
888 2473 1030 2538 forenses

223 2562 226 2566 ’
322 2576 376 2627 aut
393 2566 524 2644 nimium
542 2566 656 2630 toneris
674 2566 859 2631 iuvenentur
876 2564 1019 2630 versibus
1037 2588 1199 2652 unquam,

322 2669 376 2721 aut
393 2658 555 2723 immunda
573 2669 699 2744 crepent
716 2658 985 2745 ignominiosaque
1004 2659 1108 2725 dictat
1138 2734 1140 2739 ,

298 2766 302 2775 “
322 2749 523 2815 offenduntur
541 2752 639 2828 onim,
659 2752 773 2835 quibus
791 2762 840 2817 est
858 2774 955 2835 equus
974 2762 1006 2815 et
1024 2763 1119 2837 pater
1138 2766 1171 2820 et
1190 2780 1244 2822 res
1250 2783 1259 2834 ;

322 2867 381 2909 nec
399 2845 426 2908 si
444 2846 518 2928 quid
536 2846 620 2909 fricti
637 2846 745 2910 ciceris
762 2845 874 2930 probat
891 2856 922 2910 et
938 2847 1028 2911 nucis
1047 2858 1155 2913 emtor

256 2963 304 3010 250
323 2939 430 3022 aequis
449 2940 604 3023 accipiunt
622 2940 733 3004 animis
752 2941 908 3005 donantve
926 2962 1050 3004 corona.

366 3033 486 3117 syllaba
503 3034 599 3119 longa
616 3033 704 3097 brevi
722 3033 862 3098 subiecta
880 3044 1009 3098 vocatur
1026 3034 1170 3113 iambus,

321 3150 378 3211 pes
397 3128 490 3190 citus:
510 3128 592 3191 unde
611 3128 704 3191 etiam
722 3128 868 3192 trimetris
886 3150 1063 3193 accrescere
1082 3130 1182 3195 iussit

322 3245 436 3287 nomen
454 3221 600 3314 iambeis,
619 3245 716 3305 quum
734 3245 827 3287 senos
846 3223 988 3287 redderet
1005 3223 1099 3300 ictus,

321 3318 440 3401 primus
459 3317 499 3379 ad
518 3327 692 3380 extremum
710 3317 819 3379 similis
839 3317 912 3381 sibi:
931 3340 993 3381 non
1010 3317 1056 3380 ita
1073 3319 1215 3401 pridem,
1260 3334 1263 3341 '

254 3431 303 3478 255
322 3412 438 3474 tardior
455 3422 490 3474 ut
506 3411 612 3496 paullo
630 3412 815 3497 graviorque
833 3412 952 3475 veniret
970 3412 1010 3475 ad
1028 3435 1136 3489 aures,

323 3506 478 3588 spondeos
498 3505 625 3569 stabiles
644 3506 676 3568 in
693 3506 761 3568 iura
777 3516 907 3590 paterna
924 3506 1041 3589 recepit

322 3600 505 3663 commodus
524 3610 554 3663 et
571 3602 708 3683 patiens,
727 3622 790 3664 non
808 3610 843 3663 ut
860 3601 899 3664 de
917 3601 991 3664 sede
1010 3602 1154 3665 secunda

322 3692 445 3755 cederet
463 3702 516 3756 aut
534 3705 645 3775 quarta
663 3694 826 3757 socialiter.
849 3694 900 3757 hic
918 3704 949 3758 et
966 3695 999 3757 in
1015 3692 1098 3757 Acci

322 3784 478 3849 nobilibus
497 3787 790 3871 trimetrisapparet
807 3810 910 3874 rarus,
930 3799 961 3850 et
977 3787 1062 3850 Enni

254 3900 303 3946 too
320 3880 353 3942 in
371 3901 497 3942 scenam
514 3880 628 3944 missos
647 3903 763 3965 magno
781 3903 853 3944 cum
869 3881 1007 3965 pondere
1025 3901 1137 3943 versus

322 3983 375 4036 aut
393 3994 504 4056 operae
523 3973 631 4037 celeris
650 3974 781 4036 nimium
799 3995 935 4056 curaque
953 3974 1086 4038 carentis

322 4076 376 4131 aut
393 4066 553 4151 ignoratae
571 4067 683 4151 premit
701 4067 775 4131 artis
795 4068 922 4131 crimine
941 4068 1031 4152 turpi.

321 4185 384 4225 non
402 4161 504 4244 quivis
523 4161 608 4224 videt
625 4161 829 4225 immodulata
847 4172 991 4245 poemata
1007 4162 1113 4238 iudex,

311 4263 353 4317 *et
370 4256 442 4318 data
460 4255 611 4319 Romanis
630 4256 721 4319 venia
739 4265 787 4329 est
804 4255 934 4340 indigna
951 4255 1061 4340 poetis.

254 4364 303 4411 aaa
321 4347 476 4412 idcircone
495 4370 591 4432 vager
609 4348 805 4431 scribamque
824 4348 969 4413 licenter?
987 4372 1027 4411 an
1045 4369 1154 4412 omncs

322 4440 443 4504 visuros
461 4451 590 4523 peccata
608 4453 715 4525 putem
733 4465 817 4520 mea,
836 4452 922 4508 tutus
941 4453 972 4507 et
989 4442 1069 4505 intra
