3225 5442
305 673 367 739 130
637 683 670 748 Q.
684 681 845 737 HORATII
858 678 1000 736 FLACCI

223 902 232 914 ,
303 824 451 929 neglectis
470 840 589 905 urenda
607 839 672 903 filix
689 838 860 902 innascitur
877 837 972 923 agris.

302 939 376 1001 illuc
393 946 636 1021 praevertemur.
655 943 826 996 amatorem
844 933 928 1015 quod
947 932 1073 995 amicae

302 1034 403 1117 turpia
420 1030 578 1114 decipiunt
596 1051 724 1092 caecum
742 1027 830 1103 vitia,
851 1035 904 1090 aut
922 1026 1017 1090 etiam
1036 1027 1112 1111 ipsa
1129 1026 1209 1091 haec

252 1148 284 1193 40
302 1127 471 1201 delectant,
491 1124 587 1187 veluti
605 1122 774 1186 Balbinum
791 1120 926 1205 polypus
944 1120 1103 1206 Hagnae3

302 1221 415 1285 vellem
433 1220 465 1283 in
483 1217 619 1281 amicitia
638 1216 683 1280 sie
701 1237 873 1279 erraremus
892 1224 923 1277 et
940 1214 994 1279 isti

303 1315 399 1379 errori
416 1335 531 1377 nomen
549 1311 648 1374 virtus
666 1310 824 1394 posuisset
841 1308 1018 1372 honestum.

303 1419 332 1472 at
351 1417 440 1492 pater
457 1417 490 1469 ut
508 1405 609 1491 gnati,
630 1404 675 1469 sic
692 1426 751 1468 nos
769 1402 920 1467 debemus
939 1403 1034 1466 amici

303 1503 330 1566 si
348 1502 432 1584 quod
451 1501 491 1564 sit
509 1500 620 1562 vitium
636 1521 699 1562 non
717 1498 867 1562 fastidire.
887 1496 1070 1561 strabonem

251 1617 284 1663 45
303 1596 438 1680 appellat
456 1604 583 1678 paetum
600 1603 703 1678 pater,
722 1602 754 1656 et
770 1591 904 1675 pullum,
924 1591 1006 1654 male
1024 1613 1146 1675 parvus

304 1691 330 1753 si
349 1689 399 1752 eui
417 1688 499 1751 filius
519 1698 580 1763 est,
599 1696 635 1749 ut
652 1685 812 1750 abortivus
831 1685 891 1748 fuit
907 1685 982 1749 olim

304 1781 461 1865 Sisyphus
467 1806 476 1858 ;
494 1781 578 1843 hunc
596 1803 706 1844 varum
724 1779 863 1843 distortis
884 1779 1042 1855 eruribus,
1061 1778 1153 1844 illum

302 1875 435 1940 balbutit
453 1897 612 1950 scaurum,
630 1873 735 1957 pravis
754 1872 867 1935 fultum
886 1872 967 1936 male
986 1873 1068 1937 talis.

301 1970 425 2054 parcius
444 1969 495 2032 hic
513 1968 603 2031 vivit:
622 1967 707 2052 frugi
725 1968 855 2030 dicatur.
874 1967 999 2052 ineptus

252 2086 285 2132 50
303 2073 334 2127 et
351 2063 514 2125 iactantior
530 2061 581 2124 hic
599 2061 704 2145 paullo
723 2070 785 2125 est:
804 2060 974 2124 concinnus
992 2060 1106 2125 amicis

303 2156 440 2243 postulat
459 2166 492 2218 ut
511 2156 661 2219 videatur.
681 2166 713 2218 at
731 2164 779 2218 est
797 2154 1000 2218 truculentior
1017 2162 1115 2238 atquc

303 2252 374 2335 plus
393 2272 493 2333 aequo
511 2250 603 2314 libert
623 2249 756 2333 simplex
774 2248 927 2331 fortisque
944 2247 1109 2313 habeatur.

304 2344 421 2408 caldior
439 2354 500 2408 est:
520 2365 607 2407 acres
625 2343 705 2406 inter
722 2353 910 2407 numeretur.
930 2342 1050 2425 opinor,

304 2439 382 2501 haec
400 2460 449 2501 res
469 2446 499 2500 et
517 2437 617 2521 iungit
635 2436 758 2499 iunctos
777 2446 809 2499 et
827 2445 931 2500 servat
948 2435 1076 2501 amicos.

255 2556 287 2601 55
305 2542 337 2595 at
354 2554 411 2595 nos
431 2531 560 2594 virtutes
579 2530 665 2614 ipsas
684 2530 867 2594 invertimus
886 2539 978 2612 atque

305 2625 462 2688 sincerum
480 2624 623 2708 cupimus
641 2646 698 2687 vas
716 2624 898 2687 incrustare.
916 2622 1034 2707 probus
1053 2625 1126 2706 quis
1188 2700 1191 2705 Ι

305 2718 471 2783 nobiseum
488 2718 579 2794 vivit,
600 2717 732 2781 multum
751 2727 799 2782 est
817 2717 973 2781 demissus
992 2717 1101 2782 homo:
1121 2718 1169 2781 illi

305 2814 393 2876 tardo
412 2833 602 2896 cognomen,
621 2811 745 2896 pingui,
765 2812 887 2874 damus.
906 2811 957 2874 hic
974 2811 1057 2895 fugit
1075 2834 1189 2876 omnes

305 2906 434 2970 insidias
452 2905 591 2988 nullique
610 2906 692 2969 malo
711 2905 793 2969 latus
812 2905 899 2969 obdit
916 2916 1069 2988 apertum,

255 3019 287 3066 60
305 3023 402 3082 quum
420 3022 521 3084 genus
539 2999 600 3063 boc
618 2999 697 3062 inter
715 2999 797 3062 vitae
815 3000 969 3075 versetur,
988 2998 1043 3063 ubi
1062 3000 1145 3064 acris

306 3094 423 3157 invidia
441 3103 534 3175 atque
553 3093 660 3177 vigent
679 3092 733 3156 ubi
751 3092 894 3156 crimina:
913 3114 969 3177 pro
987 3091 1068 3156 bene
1087 3116 1168 3157 sano

306 3210 343 3251 ae
361 3211 425 3251 non
442 3188 568 3250 incauto
585 3187 693 3250 fictum
712 3196 913 3269 astutumque
931 3208 1090 3251 vocamus.

306 3281 476 3365 simplicior
493 3280 562 3362 quis
581 3291 612 3344 et
629 3289 677 3345 est
695 3320 736 3326 —
755 3281 879 3363 qualem
898 3304 948 3344 me
968 3303 1061 3365 saepe
1079 3280 1216 3345 libenter

306 3374 470 3439 obtulerim
489 3374 559 3453 tibi,
579 3375 764 3452 Maecenas,
784 3414 826 3421 —
844 3387 880 3439 ut
897 3376 976 3440 forte
993 3375 1153 3461 legentem

256 3489 287 3535 65
306 3479 360 3532 aut
377 3468 504 3531 tacitum
523 3469 662 3553 impellat
679 3470 790 3552 quovis
811 3492 953 3534 sermone
972 3470 1139 3533 molestus:

307 3563 465 3626 communi
483 3585 578 3627 sensu
595 3564 688 3647 plane
707 3574 805 3641 caret,
824 3564 993 3646 inquimus.
1013 3564 1104 3640 eheu,

306 3679 399 3738 quam
418 3667 533 3720 temere
551 3658 582 3720 in
601 3668 723 3721 nosmet
741 3658 844 3743 legem
863 3659 1020 3722 sancimus
1039 3658 1196 3740 iniquam!

306 3773 379 3813 nam
396 3750 479 3813 vitiis
498 3773 590 3814 nemo
609 3751 676 3814 sine
694 3752 846 3830 naseitur3
865 3752 1001 3835 optimus
1018 3751 1072 3815 ille
1090 3760 1147 3828 est,

306 3843 359 3925 qui
378 3843 512 3909 minimis
531 3854 668 3930 urgetur.
687 3845 806 3910 amicus
825 3845 940 3922 dulcis,
960 3854 994 3908 ut
1012 3867 1147 3928 aequum
1167 3854 1225 3921 est,

257 3958 288 4004 70
307 3959 402 4020 quum
422 3961 492 4002 mea
509 3933 690 4023 compenset
708 3940 791 4003 vitiis
810 3939 906 4016 bona,
925 3938 1066 4023 pluribus
1084 3928 1183 4015 hisee,

308 4031 444 4095 simodo
462 4032 552 4116 plura
569 4032 646 4097 mihi
664 4033 747 4097 bona
765 4044 851 4110 sunt,
870 4033 1006 4096 inclinet.
1026 4032 1124 4095 amari

309 4126 336 4190 si
353 4126 436 4191 volet
454 4127 513 4191 hac
530 4128 615 4213 lege,
634 4126 667 4190 in
685 4128 800 4191 trutina
817 4138 950 4212 ponetur
968 4127 1087 4190 eadem.

307 4219 362 4302 qui
378 4242 418 4284 ne
435 4220 596 4286 tuberibus
614 4221 748 4305 propriis
766 4221 906 4285 offendat
923 4220 1059 4285 amicum

307 4314 458 4396 postulat,
477 4315 619 4401 ignoscet
636 4316 774 4380 verrucis
793 4317 891 4381 illius:
910 4338 1045 4399 aequum
1063 4323 1112 4379 est

258 4426 290 4473 ⁷5
308 4408 444 4489 peccatis
463 4409 586 4490 veniam
604 4420 785 4493 poscentem
803 4412 933 4476 reddere
951 4432 1069 4474 rursus.
