3225 5442
538 732 763 790 SATIRARUM
781 733 855 788 LIB.
868 734 891 788 Ι.

190 895 344 962 inclamat
361 914 452 969 voce,
471 901 503 956 et
521 892 612 971 „licet
629 892 818 956 antestari?“
838 914 898 977 ego
916 913 990 954 vero

189 1012 321 1076 appono
334 986 522 1052 ¹auriculam.
540 986 622 1071 rapit
638 986 672 1049 in
689 986 748 1050 ius.
768 986 885 1050 clamor
902 986 1057 1069 utrinque,

189 1084 334 1167 undique
353 1104 534 1146 concursua
554 1081 600 1145 sio
617 1103 668 1145 me
687 1081 824 1144 servavit
840 1079 966 1165 Apollo.

587 1322 770 1383 SATIRA
791 1324 838 1381 X.

192 1458 314 1532 Lucili,
334 1480 427 1543 qnam
444 1458 486 1521 sis
504 1458 677 1529 mendosus,
698 1465 768 1518 teste
788 1453 901 1518 Catone

148 1621 154 1640 Γ
193 1552 353 1637 dej'ensore
371 1563 421 1615 tuo
435 1553 626 1635 pertineam,
646 1552 699 1633 qni
716 1548 908 1633 malefactor
1022 1553 1032 1572 ⁶

193 1650 354 1711 emendare
366 1656 463 1730 parat
480 1666 591 1707 cosas.
610 1645 666 1707 lroe
684 1645 780 1707 lenius
797 1644 858 1717 tlte,

175 1785 177 1790 -
193 1752 242 1806 est
259 1762 317 1825 quo
335 1742 383 1802 nir
399 1739 518 1811 melior,
538 1739 625 1822 lonpe
641 1737 782 1800 1111111101·
798 1738 863 1810 illo,

149 1859 151 1864 ·
196 1837 253 1921 qui
269 1834 397 1897 multum
410 1854 490 1917 puer
508 1843 551 1894 eet
570 1833 644 1895 loris
662 1843 689 1895 et
700 1831 833 1917 sortibus
851 1835 920 1895 nelis

195 1928 385 2001 exhortatus,
404 1937 439 1989 at
455 1938 528 1989 esset
546 1947 633 2010 opem
651 1929 704 2010 qni
714 1926 800 2011 serre
813 1928 913 2010 pontia

196 2024 332 2105 antiquis
346 2031 449 2106 posset
467 2032 573 2083 contro
584 2019 719 2104 fastidio
736 2032 851 2093 noatru,

193 2118 465 2201 grammaticorum
482 2116 616 2199 equiturn
633 2116 830 2178 doctissimus.
851 2125 884 2176 ut
901 2115 1021 2177 redeam
1039 2114 1120 2176 illuc.

160 2363 164 2368 .
195 2302 318 2386 Nempe
336 2299 542 2385 incomposito
560 2299 626 2363 dixi
643 2300 723 2384 pede
741 2321 866 2364 currere
884 2321 995 2364 versus

196 2396 313 2460 Lucili.
332 2396 402 2478 quis
421 2405 486 2457 tam
503 2394 609 2458 Lucili
627 2394 731 2457 fautor
747 2394 852 2477 inepte
871 2404 929 2470 est,

197 2501 233 2553 ut
250 2512 314 2552 non
331 2489 391 2552 hoc
408 2488 563 2552 fateatur?
580 2499 612 2551 at
629 2488 727 2564 idem,
746 2488 832 2570 quod
850 2488 915 2551 sale
933 2487 1032 2551 multo

198 2582 307 2647 urbem
325 2581 483 2657 defricuit,
503 2582 610 2645 charta
626 2581 771 2644 laudatur
788 2580 908 2644 eadem.

198 2698 257 2739 nec
274 2686 379 2738 tamen
396 2675 456 2739 hoc
473 2675 614 2739 tribuens
633 2674 771 2738 dederim
790 2696 916 2758 quoque
935 2685 1051 2752 cetera;
1070 2698 1144 2737 nam
1163 2674 1209 2738 sio
1249 2695 1263 2741 5

198 2779 230 2833 et
246 2769 364 2833 Laberi
382 2771 495 2834 mimos
513 2780 549 2833 ut
565 2770 696 2854 pulchra
712 2782 858 2854 poemata
875 2771 977 2835 mirer.

199 2884 275 2947 ergo
293 2886 356 2927 non
375 2864 450 2928 satis
469 2871 518 2927 cst
538 2864 605 2928 risu
621 2864 768 2927 diducere
786 2865 898 2929 rictum

198 2958 348 3022 auditoris
354 2983 363 3035 3
382 2969 413 3021 et
431 2968 480 3023 est
496 2959 650 3041 quaedam
669 2968 773 3021 tamen
790 2958 842 3024 hic
860 2981 985 3042 quoque
1004 2960 1118 3035 virtus3

199 3059 248 3114 est
264 3050 415 3115 brevitate
433 3074 528 3136 opus,
546 3062 582 3121 ut
600 3061 703 3115 currat
721 3053 887 3129 sententia,
906 3076 969 3116 neu
987 3075 1021 3116 sc

197 3144 349 3228 impediat
365 3145 470 3210 verbis
487 3146 588 3210 lassas
607 3146 808 3209 onerantibus
827 3169 933 3223 aures3

199 3245 231 3301 et
248 3259 391 3302 sermone
408 3260 488 3323 opus
506 3249 555 3304 est
571 3240 666 3303 modo
684 3239 778 3315 tristi,
799 3261 894 3322 saepe
912 3240 1028 3315 iocoso,

199 3331 387 3395 defendente
404 3333 505 3396 vicem
523 3333 618 3397 modo
634 3333 768 3397 rhetoris
786 3341 881 3416 atque
898 3343 1019 3417 poetae,

198 3424 245 3488 int
233 3426 355 3489 terdum
373 3426 500 3505 urbani,
519 3428 676 3513 parcentis
695 3427 865 3492 viribust
834 3438 928 3511 atque

200 3540 239 3581 ex
241 3521 396 3585 tenuantis
415 3543 469 3585 eas
488 3521 644 3586 consulto·
636 3522 828 3586 :ridiculum
847 3522 911 3586 acri

147 3567 272 3696 Vsort
251 3623 362 3678 ttruse
349 3616 490 3680 tmelius
508 3639 640 3701 magnas
658 3616 842 3699 plerumque
862 3626 947 3680 secat
963 3638 1024 3679 res.
1252 3636 1283 3680 ro

199 3706 245 3769 1111
263 3707 358 3791 script
359 3732 378 3772 a
395 3708 510 3791 quibus
529 3710 692 3773 comoedia
709 3711 813 3793 prisca
830 3711 906 3775 viris
925 3720 983 3786 est,
1024 3738 1027 3743 ·

199 3800 260 3864 hoc
279 3801 417 3879 stabant,
436 3804 497 3867 hoe
514 3813 588 3868 sunt
606 3804 674 3866 im1t
651 3803 762 3880 tandi3
782 3825 861 3912 quos
879 3826 981 3886 neque
999 3803 1129 3888 pulcher

199 3851 419 3980 Hermogenes
438 3919 577 3981 unquam
594 3898 686 3982 legit,
704 3919 808 3979 neque
827 3897 936 3961 simius
954 3897 1014 3961 iste

198 3988 243 4051 nil
261 3999 349 4072 praet
350 4011 384 4053 er
337 3989 539 4055 tCalvum
557 4000 588 4055 et
575 3992 677 4055 tdoct
665 3999 716 4055 1111
735 4001 806 4055 cant
808 4015 860 4055 are
880 3990 941 4075 Cat
930 3985 1053 4053 tullum.
1071 4027 1110 4034 —

199 4093 232 4145 at
250 4105 400 4168 magnum
417 4085 506 4162 fecit,
525 4087 614 4168 quod·
627 4084 731 4149 verbis
751 4083 877 4149 Graeca
892 4083 1017 4148 Latinis
1251 4100 1283 4147 20

198 4174 335 4239 miscuit.
354 4215 395 4223 —
414 4200 433 4242 o
451 4179 513 4242 seri
531 4179 719 4256 studiorum,
738 4179 832 4261 quine
850 4179 966 4262 putetis

199 4268 329 4334 difficile
347 4280 379 4334 et
395 4272 524 4349 mirum,
543 4273 668 4338 Rhodio
686 4274 771 4356 quod
788 4271 980 4336 Pitholeonti

199 4363 351 4450 contigit?
368 4405 409 4412 —
428 4377 461 4431 at
479 4390 581 4432 sermo
599 4368 708 4454 lingua
726 4368 898 4432 concinnus
916 4378 1047 4448 utraque

199 4459 341 4537 suavior,
360 4469 395 4525 111
414 4460 496 4527 Chio
513 4471 589 4527 nota
604 4462 634 4527 si
651 4463 821 4543 commixta
837 4462 963 4529 Falerni
981 4470 1037 4544 est.
1059 4497 1099 4503 —

1000 4566 1060 4625 10*
