3225 5442
450 730 656 788 CARMINUM
672 732 746 786 ΜΒ.
761 733 811 788 IV.

249 912 300 955 reo
318 888 405 954 Coae
422 888 560 952 referunt
577 889 640 952 iam
657 888 713 953 tibi
731 910 896 973 purpurae,

249 1005 300 1048 nec
317 983 381 1047 cari
398 981 518 1065 lapides
536 991 690 1067 tempora,
709 1003 790 1064 quae
808 982 904 1046 semel

283 1077 364 1142 notis
383 1075 508 1140 condita
525 1075 615 1139 fastis

324 1168 451 1233 inclusit
468 1168 603 1233 volucris
622 1169 698 1232 dies.

248 1328 304 1389 quo
321 1304 404 1390 fugit
420 1303 545 1380 Venus,
563 1302 640 1367 heul
659 1325 762 1386 quove
780 1304 883 1367 color?
900 1304 1014 1369 decens

248 1420 304 1481 quo
322 1397 445 1462 motus?
462 1396 538 1479 quid
555 1395 653 1461 babes
671 1397 770 1474 illius,
788 1398 882 1474 illius,

283 1513 363 1574 quac
382 1489 520 1574 spirabat
538 1511 669 1565 amores,

326 1605 406 1666 quae
424 1605 474 1646 me
493 1592 656 1667 stupuerat
673 1583 759 1660 mibi,

248 1719 318 1783 felix
334 1728 408 1804 post
426 1717 588 1795 Cinaram,
607 1734 742 1801 notaque
761 1729 792 1783 et
810 1719 922 1783 artium

248 1822 401 1899 gratarum
418 1811 535 1876 facies?
553 1811 610 1875 sed
628 1810 762 1876 Cinarae
780 1812 891 1877 breves

285 1928 382 1970 annos
400 1906 466 1969 sata
483 1904 644 1982 dederunt,

328 2008 488 2063 servatura
505 2000 560 2063 diu
576 2021 683 2083 parem

248 2135 373 2199 ramicis
391 2134 515 2199 vetulae
533 2133 724 2219 temporibus
742 2135 864 2218 Lycen,

248 2238 369 2314 possent
385 2238 420 2292 ut
437 2228 566 2293 iuvenes
584 2229 685 2293 visere
703 2228 815 2292 fervidi

284 2322 381 2385 multo
398 2344 461 2385 non
480 2322 547 2386 sine
564 2322 631 2386 risu

326 2415 479 2500 dilapsam
497 2416 530 2479 in
548 2416 667 2482 cineres
685 2416 796 2481 facem.

473 2641 670 2701 CARMEN
691 2642 782 2702 XIV.

365 2784 417 2833 AD
443 2783 648 2834 CAESAREM
669 2784 887 2836 AUGUSTUM.

248 2906 332 2989 Quae
350 2930 426 2971 cura
443 2908 574 2972 Patrum
591 2930 712 2991 quaeve
731 2907 900 2991 Quiritium

248 3001 344 3087 plenis
362 3001 515 3066 honorum
532 3002 715 3067 muneribus
733 3013 814 3080 tuas,

283 3099 445 3181 Augusto,
462 3096 593 3160 virtutes
610 3096 643 3159 in
660 3118 773 3161 aevum

325 3211 382 3273 per
399 3189 505 3253 titulos
524 3210 740 3272 memoresque
757 3189 857 3254 fastos

248 3325 397 3388 aeternat?
415 3346 448 3401 o,
467 3346 531 3407 qua
548 3325 595 3389 sol
612 3324 798 3390 habitabiles

248 3417 375 3481 illustrat
392 3441 477 3495 oras,
496 3419 632 3482 maxime
649 3419 836 3503 principum,

285 3532 378 3593 quem
394 3510 475 3595 legis
494 3521 637 3595 expertes
654 3512 790 3575 Latinae

327 3604 485 3668 Vindelici
503 3604 638 3669 didicere
656 3627 765 3689 nuper,

248 3738 319 3821 quid
335 3738 440 3803 Marte
457 3762 579 3824 posses.
598 3740 695 3803 milite
713 3764 786 3804 nam
804 3750 858 3804 tuo

248 3830 370 3897 Drusus
389 3831 576 3910 Genaunos‚
594 3833 797 3918 implacidum
815 3856 925 3920 genua,

283 3924 490 4009 Breunosque
507 3926 630 3991 veloces
649 3935 680 3991 et
696 3950 785 3991 arces

269 4069 271 4073 a
327 4018 464 4104 Alpibus
482 4020 643 4104 impositas
661 4020 829 4084 tremendis

247 4153 356 4218 deiecit
373 4154 533 4239 acer'plus
551 4156 620 4221 vice
639 4157 781 4241 simplici,

247 4248 343 4312 maior
358 4248 519 4313 Neronum
536 4274 611 4315 mox
628 4273 724 4337 grave
741 4251 894 4336 proelium

286 4342 455 4419 commisit,
474 4343 688 4427 immanesque
706 4345 847 4409 Rhaetos

329 4436 476 4520 auspiciis
493 4438 613 4522 pepulit
631 4438 786 4514 secundis,

247 4561 281 4594 rr.
466 4551 469 4557 ’
603 4565 618 4591 ο
951 4546 968 4601 7
