3225 5442
448 885 450 888 ¹
526 814 751 874 saumnuu
768 816 842 872 me.
856 818 893 872 11.

194 981 253 1045 das
271 978 389 1062 aliquid
406 976 524 1052 famae,
543 997 623 1060 quac
642 976 778 1039 carmine
796 972 914 1060 gratior
932 998 1039 1039 aurem

165 1091 168 1096 '
193 1082 327 1157 occupat
344 1073 514 1135 humanam
520 1094 529 1147 3
548 1070 683 1155 grandes
701 1067 825 1133 rhombi
842 1069 1029 1153 patinaeque

192 1169 312 1254 grande
331 1167 436 1230 ferunt
453 1188 516 1228 una
534 1185 606 1227 cum
624 1165 738 1227 damno
756 1164 903 1228 dedecus.
923 1164 1004 1227 adde

192 1261 307 1325 iratum
325 1269 486 1345 patruum,
505 1257 639 1333 vicinos,
658 1266 689 1320 te
707 1257 763 1321 tibi
781 1257 923 1340 iniquum

192 1364 226 1420 et
243 1355 358 1419 frustra
375 1352 483 1417 mortis
503 1351 666 1436 cupidum,
685 1373 782 1435 quum
801 1351 899 1414 deerit
917 1352 1021 1436 egenti

192 1472 245 1526 as,
264 1448 367 1532 laquei
384 1447 528 1532 pretium.
549 1446 670 1524 „iure,“
689 1446 809 1529 inquis,
831 1445 1005 1523 „Transius
1023 1447 1092 1511 istis

192 1544 335 1628 iurgatur
352 1542 472 1619 verbis3
492 1563 552 1626 ege
570 1539 737 1625 vectigalia
755 1563 872 1625 magna

193 1637 381 1720 divitiasque
399 1634 500 1700 habeo
519 1634 618 1699 tribus
637 1633 757 1720 amplas
775 1634 933 1721 regibus.“
954 1657 1030 1721 ergo

193 1730 280 1813 quod
298 1739 424 1815 superat
440 1752 504 1794 non
521 1738 570 1793 est
587 1727 698 1791 melius
717 1750 779 1811 que
797 1728 954 1793 insumere
971 1730 1095 1814 possis?

194 1846 251 1888 cur
268 1833 341 1910 eget
357 1824 505 1910 indignus
523 1822 691 1906 quisquam
709 1831 739 1886 te
758 1822 873 1886 divite?
891 1845 987 1905 quare

193 1919 311 2003 templa
328 1928 422 1982 ruunt
439 1918 568 2000 antiqua
586 1915 699 1980 deum?
716 1938 784 1993 cur,
803 1916 958 2002 improbe,
978 1940 1068 1983 carae

194 2034 259 2076 non
277 2011 395 2095 aliquid
412 2012 531 2099 patriae
548 2021 635 2074 tanto
653 2010 790 2074 emetiris
809 2012 941 2075 acervo?

194 2107 249 2170 uni
266 2106 413 2169 nimirum
431 2104 488 2169 tibi
505 2114 589 2169 recte
608 2127 731 2190 semper
748 2115 839 2168 erunt
856 2128 921 2183 res,

194 2224 213 2264 o
231 2223 366 2285 magnus
384 2199 516 2284 posthac
533 2199 667 2263 inimicis
685 2199 777 2262 risus.
796 2208 905 2264 uterne

195 2297 236 2359 ad
254 2317 346 2359 casus
365 2294 477 2359 dubios
495 2294 571 2360 fidet
589 2293 649 2358 sibi
667 2294 800 2358 certius?
818 2294 869 2358 hic
887 2295 940 2378 qui

194 2389 336 2473 pluribus
355 2388 494 2453 adsuerit
510 2397 648 2452 mentem
666 2410 842 2473 corpusque
861 2390 1045 2475 superbum,

195 2507 236 2547 an
253 2482 307 2565 qui
324 2492 487 2547 contentus
505 2505 602 2567 parvo
622 2492 825 2566 metuensque
843 2484 939 2547 futuri
1242 2507 1291 2553 110

195 2577 227 2639 in
244 2599 322 2660 pace
340 2586 375 2639 ut
393 2575 517 2660 sapiens
536 2576 649 2660 aptarit
665 2576 779 2641 idonea
796 2576 899 2642 bello?
917 2618 957 2625 -

238 2693 300 2753 quo
318 2670 419 2755 magis
437 2670 487 2734 his
506 2671 625 2747 eredas,
643 2693 722 2756 puer
739 2672 824 2735 hunc
841 2694 901 2758 ego
918 2696 1034 2758 parvus
1055 2672 1196 2740 Ofellum

194 2764 323 2849 integris
342 2763 454 2849 opibus
472 2764 546 2827 novi
564 2787 628 2828 non
645 2765 738 2830 latius
756 2789 851 2830 usum

195 2881 291 2942 quam
308 2880 392 2921 nunc
410 2857 531 2947 accisis.
551 2858 659 2923 videas
678 2869 794 2923 metato
812 2861 845 2923 in
863 2861 965 2947 agello
1167 2934 1168 2937 Ἴ

172 2989 174 2994 -
194 2975 267 3016 cum
285 2974 397 3035 pecore
416 2962 447 3015 et
464 2952 568 3037 gnatis
586 2953 700 3017 fortem
718 2956 862 3019 mercede
881 2956 1036 3032 colonum,
1242 2977 1290 3022 115

196 3069 280 3125 „non
297 3050 393 3131 eg0“,
411 3055 602 3123 narrantem,
624 3057 759 3125 „temere
777 3050 828 3112 edi
846 3049 915 3113 luce
933 3050 1073 3134 profesta

193 3140 365 3223 quidquam
382 3149 505 3223 praeter
522 3140 591 3204 olus
609 3141 753 3205 fumosae
772 3164 844 3205 cum
861 3143 941 3227 pede
958 3166 1083 3227 pernae.

194 3259 231 3301 ac
250 3235 326 3300 mihi
344 3258 400 3300 seu
417 3237 547 3321 longum
564 3247 637 3322 post
654 3248 777 3322 tempus
796 3248 924 3301 venerat
940 3238 1070 3322 hospes,

194 3333 262 3396 sive
280 3354 410 3417 operum
427 3353 528 3395 vacue
546 3341 655 3417 gratus
674 3334 808 3397 conviva
825 3356 881 3417 per
898 3332 1029 3397 imbrem

194 3428 329 3503 vicinus,
348 3426 429 3491 bene
447 3435 527 3503 erat,
546 3450 609 3492 non
626 3427 766 3511 piscibus
784 3427 862 3491 urbe
879 3428 999 3512 petitis,
1244 3444 1291 3491 120

194 3521 256 3585 sed·
268 3520 354 3605 pullo
373 3529 466 3603 atque
483 3520 599 3598 haed03
618 3530 685 3584 tum
702 3520 832 3606 pensilis
851 3544 913 3585 uva
931 3521 1084 3585 secundas
1288 3526 1291 3531 ’

194 3624 226 3678 et
243 3637 308 3677 nux
326 3613 457 3679 ornabat
473 3637 599 3679 mensas
618 3637 690 3679 cum
708 3616 832 3699 duplice
850 3616 921 3678 ficu.

193 3717 266 3792 post
283 3708 343 3770 hoc
360 3708 453 3771 ludus
470 3717 538 3771 erat
555 3708 648 3793 eulpa
665 3718 772 3793 potare
791 3710 956 3796 magistra3

194 3823 232 3865 ac
250 3811 397 3865 venerata
416 3800 528 3878 Ceres,
546 3803 591 3866 ita
608 3803 711 3866 culmo
731 3813 873 3888 surgeret
890 3804 968 3880 alto,

193 3896 343 3979 explicuit
359 3895 434 3960 vino
452 3906 629 3961 'contractae
647 3897 729 3961 seria
746 3898 869 3963 frontis.
1242 3915 1290 3962 125

193 3988 313 4055 saeviat
330 3999 427 4072 atque
441 4013 541 4054 novos
559 4000 684 4055 moveat
699 3991 841 4056 Fortuna
859 3992 1024 4067 tumultum

192 4090 344 4165 quantum
363 4082 435 4147 hinc
453 4084 636 4148 imminuet?
653 4094 769 4168 quanto
788 4094 843 4150 aut
860 4108 920 4171 ego
938 4085 1061 4168 parcius
1081 4093 1219 4160 autres,

193 4198 212 4239 o
230 4176 328 4260 pueri,
347 4176 495 4253 nituistis
514 4187 549 4241 ut
566 4178 628 4242 huc
646 4202 747 4243 nevus
765 4179 869 4243 incola
886 4178 991 4242 venit?

192 4292 267 4333 nam
283 4272 426 4356 propriae
444 4272 563 4338 telluris
582 4272 692 4337 herum
710 4282 823 4337 natura
840 4293 943 4355 neque
960 4265 1051 4334 illum'

192 4386 251 4429 nec
269 4387 320 4428 me
338 4387 396 4430 nec
414 4387 604 4450 quemquam
624 4367 745 4432 statuit:
764 4389 822 4430 nes
840 4365 961 4451 expulit
977 4365 1043 4442 ille3
1241 4380 1290 4431 130

191 4458 281 4522 illum
299 4469 353 4522 aut
370 4460 539 4543 nequities,
559 4471 612 4526 aut
630 4462 711 4527 vafri
728 4460 853 4525 inscitia
870 4460 962 4538 iuris,

190 4562 386 4637 postremum
404 4554 539 4640 expellet
558 4566 640 4621 certe
658 4555 797 4621 vivacior
814 4555 914 4621 heres.
