3225 5442
471 737 751 795 EPISTOLARUM
769 740 843 793 LlB.
859 741 895 795 11.
1134 728 1198 793 229

190 898 219 962 ic
238 907 336 961 meret
353 918 425 962 aera
442 896 521 960 libcr
541 894 656 973 Sosiis,
675 895 725 959 hic
744 906 775 958 ct
792 919 878 959 mare
896 897 1008 961 transit
1218 919 1267 966 345

190 1001 199 1055 t
215 991 348 1076 longum
364 1000 439 1055 noto
458 990 601 1075 scriptori
619 999 765 1074 prorogat
784 1012 907 1053 aevum.

212 1095 285 1148 sunt
303 1084 415 1148 delicta
432 1093 551 1160 tamen,
570 1083 684 1166 quibus
703 1084 863 1168 ignovisse
881 1083 1027 1147 velimus:

190 1201 243 1242 am
255 1199 357 1260 neque
371 1178 489 1241 chorda
502 1176 614 1240 sonum
628 1177 739 1253 reddit,
754 1199 847 1259 quem
857 1177 924 1240 vult
937 1200 1049 1240 manus
1060 1185 1090 1241 et
1099 1199 1198 1255 mens,

191 1272 371 1353 oscentique
389 1293 519 1356 gravem
536 1292 688 1355 persaepe
706 1270 835 1333 remittit
852 1281 988 1347 acutum,

190 1386 227 1429 ec
245 1387 369 1449 semper
386 1364 490 1441 feriet,
510 1364 730 1447 quodcumque
748 1362 930 1441 minabitur,
950 1387 1050 1429 arcus.
1217 1386 1267 1432 350

190 1480 278 1522 erum
296 1458 350 1522 ubi
367 1458 458 1542 plura
474 1457 574 1521 nitent
590 1457 623 1520 in
641 1457 791 1533 carmine,
810 1480 874 1521 non
892 1479 951 1543 ego
969 1459 1077 1542 paucis

189 1552 312 1616 ffendar
329 1551 475 1628 maculis,
494 1573 572 1633 quas
592 1560 645 1614 aut
662 1551 782 1614 incuria
799 1551 890 1628 fudit,

188 1655 224 1710 ut
240 1645 378 1709 hmnana
394 1668 505 1731 parum
524 1645 607 1708 cavit
624 1654 743 1708 natura.
767 1644 843 1727 quid
861 1667 936 1730 ergo
954 1646 1020 1710 est?

191 1749 204 1803 t
223 1740 354 1824 scriptor
372 1740 399 1803 si
416 1748 526 1824 peccat
543 1740 627 1803 idem
644 1738 789 1803 librarius
809 1762 918 1822 usque,

189 1833 312 1914 uamvis
331 1842 379 1897 est
396 1834 548 1909 monitus,
569 1833 659 1897 venia
677 1842 774 1909 caret,
794 1842 826 1897 et
843 1833 1040 1897 citharoedus

187 1928 300 2003 idetur‚
320 1925 436 1990 chorda
454 1926 507 2009 qui
526 1949 650 2012 semper
667 1926 790 1990 oberrat
808 1928 931 1990 eadem:

186 2020 216 2084 ic
233 2020 324 2096 mihi,
343 2020 396 2102 qui
414 2020 546 2083 multum
565 2029 681 2096 cessat,
700 2020 735 2082 tit
754 2018 920 2084 Choerilus
938 2020 999 2095 ille,

189 2136 262 2177 uem
280 2113 329 2178 bis
348 2125 433 2177 terve
451 2112 569 2177 bonum
587 2136 658 2177 cum
676 2114 742 2176 risu
760 2113 867 2191 miror3
887 2123 918 2177 et
935 2114 1018 2177 idem

186 2208 313 2293 rdignor
331 2208 517 2290 quandoque
535 2208 637 2272 bonus
656 2207 802 2271 dormitat
820 2206 991 2272 Homerus.

187 2324 277 2367 erum
296 2302 382 2386 operi
399 2303 494 2387 longo
513 2302 562 2367 fas
581 2312 629 2366 est
647 2301 796 2387 obrepere
816 2324 976 2391 somnum.»

211 2406 246 2459 ut
262 2395 397 2480 pictura,
415 2397 520 2480 poesis
539 2397 610 2474 erit3
629 2419 723 2480 quae,
743 2397 770 2460 si
787 2397 915 2482 propius
935 2407 1009 2474 stes,

185 2511 199 2553 e
218 2490 321 2573 capiat
338 2490 453 2575 magis,
473 2501 504 2554 et
522 2491 690 2572 quaedam,
709 2491 737 2554 si
753 2491 879 2576 longius
898 2489 1013 2555 abates.

185 2605 246 2646 ‚aec
264 2591 349 2648 amat
366 2583 549 2662 obscurum3
568 2585 652 2649 volet
669 2585 747 2650 haec
766 2586 825 2650 sub
843 2586 913 2650 luce
932 2586 1039 2661 videri,

185 2677 280 2740 udicis
299 2687 445 2762 argutum
464 2700 544 2761 quae
562 2702 625 2742 non
643 2678 790 2743 formidat
808 2701 953 2744 acumen:

185 2791 246 2834 aec
263 2770 380 2854 placuit
398 2772 508 2848 semel,
528 2772 606 2835 haec
624 2773 727 2836 decies
745 2774 876 2858 repetita
893 2771 1037 2857 placebit.

184 2904 187 2915 ·
206 2864 304 2927 maior
321 2864 484 2942 iuvenum,
503 2866 647 2948 quamvis
666 2875 697 2930 et
715 2888 790 2930 voce
808 2876 938 2950 paterna

184 2957 295 3042 ingeris
314 2958 355 3021 ad
371 2973 490 3022 rectum
509 2968 540 3022 et
556 2982 613 3044 per
631 2969 660 3023 te
680 2960 778 3044 sapis,
797 2959 858 3023 hoc
876 2959 933 3023 tibi
951 2959 1069 3023 dictum

184 3051 242 3114 olle
260 3074 392 3129 memor,
416 3053 507 3117 certis
526 3054 664 3116 medium
683 3064 713 3117 et
732 3052 892 3117 tolerabile
909 3051 1003 3117 rebus

184 3154 251 3208 ecte
269 3146 411 3209 concedi:
430 3148 591 3211 consultus
609 3147 685 3211 iuris
704 3158 735 3210 et
753 3157 840 3211 actor

186 3260 350 3302 aussarum
368 3240 532 3304 mediocris
552 3239 641 3304 abest
658 3240 772 3304 virtute
790 3240 899 3303 diserti

184 3330 342 3409 dessalae,
372 3356 430 3398 nec
449 3335 507 3398 scit
525 3344 677 3417 quantum
696 3333 870 3399 Cascellius
888 3334 1003 3411 Aulus,

185 3426 225 3489 ed
242 3436 347 3491 tamen
363 3428 396 3491 in
413 3429 511 3513 pretio
530 3439 591 3504 est3
610 3428 818 3493 mediocribus
838 3450 907 3493 esse
925 3428 1026 3514 poetis

183 3541 231 3583 ron
248 3521 391 3586 homines
409 3545 472 3586 non
490 3524 603 3587 dinen
621 3545 803 3588 concessere
822 3523 994 3587 columnae.

183 3624 203 3677 rt
218 3625 324 3699 gratas
342 3617 422 3680 inter
439 3640 564 3682 mensas
583 3617 770 3703 symphonia
787 3618 907 3682 discors

184 3717 199 3769 t
216 3730 356 3773 crassum
374 3722 569 3796 unguentum
586 3722 617 3775 et
637 3709 737 3776 Sardo
757 3733 829 3775 cum
847 3712 939 3776 melle
956 3732 1095 3797 papaver

183 3800 342 3879 ·ffendunt,
361 3815 482 3890 poterat
500 3806 572 3869 duci
590 3806 664 3888 quia
681 3827 780 3869 coena
798 3806 865 3869 sine
882 3806 966 3870 istis:

184 3894 213 3958 ic
231 3897 343 3961 animis
361 3910 468 3962 natum
485 3899 709 3982 inventumque
727 3921 841 3983 poema
858 3900 1011 3975 iuvandis,

183 3989 195 4051 i
212 3990 353 4073 paullum
372 4015 494 4056 summo
513 3993 661 4069 decessit,
680 3994 782 4078 vergit
799 3993 841 4055 ad
858 3994 966 4056 imum.

182 4083 275 4147 udere
294 4084 348 4166 qui
366 4086 479 4163 nescit,
499 4085 726 4171 campestribus
745 4076 882 4150 abstinet
900 4086 1004 4161 armis,

182 4176 374 4260 edoctusque
391 4179 473 4263 pilae
491 4180 609 4243 discive
628 4179 766 4243 trochive
784 4178 926 4261 quiescit,

182 4291 206 4333 re
225 4270 346 4355 spissae
363 4273 462 4336 risum
479 4274 590 4337 tollant
606 4274 734 4358 impune
753 4294 901 4348 coronae;

182 4363 220 4445 [ui
239 4365 338 4429 nescit
355 4388 475 4441 versus,
484 4376 589 4430 tamen
607 4368 701 4431 audet
717 4366 846 4451 fingere.
866 4404 907 4413 —
928 4363 1073 4448 „quidni?

182 4458 246 4523 iber
264 4468 295 4522 et
313 4459 482 4545 ingenuus,
501 4462 684 4545 praesertim
703 4484 817 4526 census
837 4470 1013 4544 equestrem
