3225 5442
476 1308 518 1384 o.
541 1307 751 1369 nonnum
776 1309 952 1371 nnnocr

354 1500 1080 1623 CARMINUM

450 1771 456 1782 ·
546 1738 680 1792 LIBER
706 1737 887 1796 PRIMUS.

589 2008 786 2069 GARMEN
808 2011 837 2069 Ι.

428 2152 479 2200 An
500 2151 534 2200 c.
554 2149 710 2202 cicurum
727 2152 1001 2203 Mnscnnnrnn.

327 2268 498 2335 Maecenas
516 2267 616 2332 atavis
635 2268 717 2331 edite
734 2268 872 2354 regibus,

283 2387 304 2429 o
321 2373 353 2428 ct
369 2362 561 2449 praesidium
579 2371 611 2426 et
627 2361 719 2426 dulce
736 2362 833 2427 decus
852 2386 967 2440 meum,

328 2509 400 2563 sunt
417 2522 497 2583 quos
516 2488 670 2563 curriculo
686 2498 849 2584 pulverem
868 2498 1070 2588 Olympicum

284 2593 449 2679 collegisse
466 2593 567 2669 iuvat,
586 2602 731 2676 metaque
748 2593 878 2659 fervidis

284 2687 400 2752 evitata
416 2686 492 2751 rotis
509 2686 677 2771 palmaque
695 2686 809 2752 nobilis

284 2792 436 2847 terrarum
453 2781 597 2846 dominos
616 2780 720 2846 evehit
737 2783 778 2845 ad
795 2783 886 2860 deos3

284 2918 381 2995 hunc,
401 2919 428 2983 si
446 2917 609 2983 mobilium
628 2917 720 2982 turba
738 2917 909 3000 Quiritium

284 3022 382 3075 certat
399 3012 580 3098 tergeminis
599 3011 706 3074 tollcrc
725 3010 911 3092 honoribus3

284 3105 387 3182 illum,
407 3106 434 3169 si
450 3105 576 3191 proprio
594 3105 733 3169 condidit
751 3105 872 3184 horreo

284 3200 436 3283 quidquid
453 3200 492 3263 de
509 3199 642 3284 Libycis
660 3200 794 3264 verritur
811 3202 902 3265 areis.

284 3336 473 3421 gaudentem
490 3335 608 3421 patrios
626 3336 744 3400 findere
763 3336 887 3400 sarculo

284 3452 378 3515 agros
396 3429 542 3494 Attalicis
561 3429 792 3495 conditionibus

279 3545 439 3606 nunquam
457 3524 632 3601 dimoveas,
652 3533 687 3588 ut
704 3523 792 3589 trabe
811 3524 930 3610 Cypria

284 3615 446 3700 Myrtoum
463 3616 596 3701 pavidus
614 3627 710 3681 nauta
728 3627 814 3682 secet
831 3642 926 3682 mare.

284 3751 454 3815 luctantem
471 3751 580 3815 Icariis
599 3752 745 3817 fluctibus
763 3753 912 3818 Africum

284 3855 438 3909 mercator
455 3855 597 3910 metuens
616 3847 714 3910 otium
732 3857 763 3911 ct
781 3848 890 3933 oppidi

281 3931 392 4001 laudat
407 3961 480 4003 rura
498 3940 561 4016 sui3
580 3963 654 4004 mox
670 3940 770 4005 reficit
786 3953 870 4006 rates
991 3997 993 4003 ,

284 4053 431 4115 quassas,
450 4032 591 4125 indocilis
610 4036 791 4120 pauperiem
809 4037 884 4121 pati.

285 4178 333 4232 est
351 4170 405 4252 qui
422 4192 481 4235 nec
499 4172 612 4237 veteris
629 4173 743 4258 pocula
759 4172 895 4236 Massici

284 4285 343 4329 nec
360 4274 481 4349 partem
499 4267 598 4332 solido
616 4269 741 4333 demere
759 4269 799 4331 de
818 4268 868 4330 die

285 4360 418 4443 spernit,
437 4381 520 4422 nunc
537 4361 627 4424 viridi
646 4361 787 4426 membra
805 4360 864 4426 sub
883 4361 994 4425 arbuto

286 4460 417 4530 stratus,
436 4475 519 4516 nunc
537 4453 578 4516 ad
595 4476 694 4537 aquae
712 4455 781 4519 lene
800 4463 895 4540 caput
913 4476 1029 4520 sacrae.

251 4567 366 4612 Horatius.
