3225 5442
456 722 663 781 OARMINUM
679 724 754 780 LlB.
764 726 786 781 1.

262 906 324 948 non
341 882 557 967 Dindymene,
575 903 639 945 non
657 882 759 966 adytis
778 885 878 967 quatit

260 989 396 1043 mentem
415 977 612 1042 sacerdotum
629 976 731 1041 incola
747 976 893 1062 Pythius,

302 1096 366 1137 non
383 1071 484 1136 Liber
501 1091 613 1153 aeque,
632 1093 696 1135 non
713 1083 806 1136 acuta

346 1167 391 1231 sic
408 1164 569 1253 geminant
587 1163 784 1249 Corybantes
803 1188 884 1244 aera,

262 1305 365 1369 tristes
384 1314 419 1366 ut
436 1302 515 1379 irae3
533 1322 611 1384 quas
629 1323 730 1384 neque
748 1301 881 1368 Noricus

261 1399 394 1461 deterret
412 1395 495 1460 ensis
513 1416 572 1458 nec
588 1417 674 1460 mare
692 1395 880 1482 naufragum

302 1512 360 1553 nee
378 1510 492 1553 saevus
509 1487 592 1573 ignis
610 1508 668 1551 nee
686 1490 847 1554 tremendo

345 1582 487 1667 Iuppiter
503 1582 571 1666 ipse
587 1603 682 1646 ruens
700 1583 844 1648 tumultu.

261 1722 358 1784 fertur
375 1716 596 1794 Prometheus,
616 1720 731 1784 addere
748 1722 881 1808 principi

259 1816 332 1879 limo
352 1823 479 1878 coaetus
497 1812 682 1896 particulam
699 1816 838 1899 undique

302 1910 475 1982 desectam,
494 1915 525 1969 et
541 1906 644 1971 insani
661 1909 760 1975 leonis

344 2004 407 2067 vim
426 1999 587 2065 stomacho
605 2004 791 2089 apposuisse
810 2014 926 2070 nostro.

258 2141 321 2204 irae
340 2140 503 2225 Thyesten
521 2144 616 2209 exitio
634 2141 722 2228 gravi

260 2246 410 2311 stravere,
429 2247 460 2300 et
477 2237 548 2301 altis
568 2238 697 2303 urbibus
714 2235 843 2300 ultimae
912 2298 914 2303 .

301 2338 412 2394 stetere
431 2352 576 2408 caussae,
596 2354 652 2396 cur
668 2330 804 2415 perirent

343 2421 483 2489 funditus
500 2425 753 2510 imprimeretque
770 2423 867 2487 muris

259 2558 371 2623 hostile
389 2571 527 2626 aratrum
546 2561 700 2626 exercitus
718 2559 867 2624 insolens.

259 2675 422 2738 compesce
440 2666 593 2721 mentem:
611 2678 663 2719 me
681 2676 805 2738 quoque
823 2652 958 2739 pectoris

301 2749 431 2813 tentavit
447 2750 480 2813 in
498 2751 582 2815 dulci
599 2751 727 2814 iuventa

343 2841 448 2907 fervor
465 2845 546 2908 etin
564 2844 680 2911 celeres
698 2841 821 2907 iambos

259 2978 343 3042 misit
359 2978 514 3043 furentem
520 3005 529 3057 ;
548 3002 632 3043 nune
650 3002 709 3065 ego
727 2977 855 3042 mitibus

260 3080 381 3135 mutare
399 3095 516 3154 quaero
534 3075 648 3151 tristia,
667 3074 743 3138 dum
760 3072 838 3136 mihi

300 3165 357 3229 fias
374 3168 542 3233 recantatis
561 3169 662 3232 amica

342 3260 517 3344 opprobriis
536 3262 737 3344 animumque
755 3260 878 3324 reddas.

458 3486 655 3548 GARMEN
676 3487 784 3546 XVII.

429 3628 485 3678 An
514 3630 818 3679 urunsurnsu.

257 3751 360 3817 Velox
377 3776 544 3818 amoenum
563 3776 656 3840 saepe
673 3753 866 3818 Lucretilem

256 3856 356 3911 mutat
372 3847 503 3931 Lycaeo
520 3848 664 3925 Faunus,
684 3858 713 3912 et
731 3848 857 3933 igneam

300 3940 440 4004 defendit
457 3951 607 4007 aestatem
626 3942 753 4028 capellis
799 4004 802 4011 .

341 4056 441 4117 usque
458 4036 537 4100 meis
555 4036 741 4122 pluviosque
759 4045 879 4099 ventos.

255 4169 384 4253 impune
401 4179 503 4234 tutum
519 4193 577 4256 per
593 4193 703 4235 nemus
722 4169 850 4235 arbutos

220 4271 224 4277 “
257 4273 410 4345 quaenmt
425 4264 557 4329 latentes
575 4274 607 4329 et
624 4264 732 4349 thyma
750 4264 859 4329 deviae

299 4356 410 4421 olentis
428 4380 542 4422 uxores
560 4358 672 4434 mariti,

342 4473 401 4514 nee
419 4452 532 4516 virides
551 4461 693 4515 metuunt
710 4450 854 4515 colubras
