3225 5442
456 716 473 739 ⁶
511 727 786 785 EPISTOLARUM
804 727 879 819 LlB.
893 729 915 783 Ι.
1162 715 1223 781 197

193 886 460 977 praeteragendus
478 908 588 969 equus.
613 908 694 970 „quo
713 886 834 951 tendis?
851 909 915 950 non
932 887 1008 951 mihi
1028 886 1147 953 Cumas

193 994 243 1049 est
259 983 319 1047 iter
335 991 389 1045 aut
406 980 539 1057 Baias,“
558 980 648 1043 laeva
667 980 883 1045 stomachosus
901 980 1024 1045 habena

193 1079 277 1143 dicet
294 1098 390 1159 eques
396 1100 405 1154 3
425 1074 482 1139 sed
500 1074 588 1157 equis
606 1074 728 1139 frenato
747 1084 794 1139 est
813 1075 896 1139 auris
914 1076 946 1138 in
964 1098 1027 1140 ore.
1046 1114 1085 1123 -—

192 1172 294 1236 maior
310 1170 414 1233 utrum
431 1168 583 1254 populum
602 1167 750 1232 frumenti
767 1169 858 1254 copia
874 1181 993 1253 pascat,

193 1265 382 1330 collectosne
400 1262 509 1327 bibant
525 1262 643 1327 imbres
662 1271 815 1347 puteosne
831 1285 985 1347 perennes

193 1358 295 1422 dulcis
314 1379 428 1440 aquae;
446 1380 520 1421 nam
539 1358 612 1421 vina
628 1357 705 1421 nihil
724 1379 827 1422 moror
844 1357 927 1421 illias
945 1379 1028 1421 orae.

192 1473 265 1516 rure
284 1473 353 1515 meo
371 1473 501 1535 possum
519 1451 644 1534 quidvis
661 1450 800 1535 perferre
817 1451 959 1535 patique3

193 1546 236 1610 ad
254 1567 339 1608 mare
357 1567 455 1627 quum
473 1546 559 1622 veni,
577 1567 765 1631 generosum
784 1554 816 1608 et
833 1545 902 1609 lene
920 1545 1053 1628 requiro,

193 1639 281 1721 quod
298 1659 388 1702 curas
407 1637 528 1724 abigat,
547 1638 721 1721 quodcum
740 1660 796 1723 spe
815 1637 910 1702 divite
929 1648 1034 1702 manet

194 1732 228 1795 in
248 1754 342 1796 venas
360 1731 561 1814 animumque
579 1754 699 1809 meum,
718 1733 803 1815 quod
821 1731 917 1796 verba
935 1732 1098 1809 ministret,

194 1826 282 1908 quod
298 1847 349 1890 me
365 1826 518 1889 Lucanae
536 1826 682 1890 iuvenem
700 1825 899 1891 commendet
916 1826 1044 1889 amicae.

194 1930 313 1983 tractus
332 1928 400 1983 uter
417 1918 522 2003 plures
540 1919 676 2004 lepores,
696 1928 765 1984 uter
782 1920 895 1983 educet
912 1942 1019 2003 apros;

194 2023 266 2078 utra
283 2013 384 2099 magis
402 2014 505 2098 pisces
524 2024 555 2077 et
573 2013 700 2078 echinos
718 2035 856 2096 aequora
874 2013 975 2077 celent

193 2107 321 2193 pinguis
340 2117 375 2171 ut
391 2107 465 2171 inde
482 2108 610 2172 domum
627 2107 748 2192 possim
765 2108 957 2190 Phaeaxque
974 2106 1096 2183 reverti,

194 2200 331 2265 scribere
350 2200 503 2278 tenebis,
522 2201 579 2265 tibi
595 2224 653 2266 uos
671 2202 839 2265 adcredere
856 2223 914 2285 par
932 2211 988 2264 est.

194 2294 360 2371 Maenius,
378 2305 414 2357 ut
431 2295 525 2360 rebus
543 2296 691 2360 maternis
710 2306 804 2378 atque
822 2295 960 2379 paternis

194 2388 318 2453 fortiter
334 2388 487 2453 absumtis
507 2388 644 2453 urbanus
663 2390 766 2475 coepit
782 2389 900 2466 haberi,

194 2505 303 2548 scurra
319 2505 435 2567 vagus,
454 2506 518 2547 non
535 2484 589 2566 qui
607 2495 726 2548 certum
743 2506 894 2569 praesepe
913 2492 1041 2560 teneret,

193 2576 373 2661 impransus
391 2599 453 2640 non
471 2577 525 2660 qui
544 2578 644 2642 civem
663 2577 861 2663 dignosceret
878 2578 977 2654 hoste,

194 2670 352 2753 quaelibet
369 2670 402 2733 in
420 2671 562 2752 quemvis
581 2672 747 2756 opprobria
764 2673 882 2758 fingere
900 2694 1023 2748 naevus,

193 2764 348 2850 pernicies
367 2774 397 2828 et
415 2774 584 2849 tempestas
602 2764 846 2849 barathrumque
863 2766 994 2842 macelli,

194 2857 347 2940 quidquid
365 2858 554 2940 quaesierat,
574 2859 675 2922 ventri
693 2859 830 2923 donabat
848 2882 950 2923 avaro.

193 2951 246 3015 hic
264 2950 319 3015 ubi
336 2952 491 3036 nequitiae
510 2952 685 3017 fautoribus
704 2962 735 3017 et
752 2953 869 3017 timidis
886 2953 931 3015 nil

194 3053 250 3108 aut
267 3044 406 3129 paullum
425 3044 610 3121 abstulerat,
629 3048 753 3130 patinas
771 3045 924 3110 coenabat
941 3044 1041 3108 omasi

194 3138 267 3203 vilis
285 3149 316 3203 et
333 3140 479 3225 agninae,
498 3139 598 3204 tribus
616 3141 698 3205 ursis
716 3140 802 3224 quod
820 3140 896 3208 satis
914 3147 1012 3215 esset3

196 3233 315 3296 scilicet
333 3245 367 3295 ut
384 3242 509 3298 ventres
527 3234 632 3299 lamna
650 3235 803 3299 candente
821 3247 970 3317 nepotum

195 3326 313 3390 diceret
330 3326 480 3404 urendos,
499 3338 656 3393 correctus
674 3329 813 3393 Bestius.
835 3328 920 3390 idem

196 3418 349 3502 quidquid
366 3430 432 3484 erat
448 3430 559 3485 nactus
577 3422 713 3507 praedae
731 3420 871 3497 maioris,
890 3419 944 3482 ubi
963 3440 1054 3482 omne

198 3521 331 3577 verterat
348 3514 381 3577 in
399 3514 521 3579 fumum
539 3525 571 3579 et
589 3516 738 3593 cinerem,
757 3514 829 3579 Non
847 3513 986 3579 Hercule
1004 3512 1108 3590 miror,

197 3607 314 3686 aiebat,
334 3610 361 3675 si
378 3610 432 3694 qui
449 3612 616 3675 comedunt
634 3610 729 3687 bona,
749 3634 846 3694 quum
866 3610 906 3674 sit
924 3609 1020 3674 obeso

196 3702 241 3765 nil
258 3703 369 3767 melius
388 3705 492 3782 turdo,
511 3704 555 3768 nil
573 3704 667 3768 vulva
684 3706 845 3789 pulchrius
864 3704 977 3789 ampla.

197 3796 344 3860 nimirum
361 3798 412 3861 hio
430 3820 489 3883 ego
508 3822 593 3875 sum3
611 3822 685 3863 nam
703 3809 771 3864 tuta
788 3810 820 3863 ct
837 3799 967 3885 parvula
984 3798 1088 3874 laudo,

198 3912 296 3973 quum
312 3912 363 3955 res
381 3890 541 3968 deficiunt,
561 3892 637 3956 satis
654 3893 736 3958 inter
752 3894 827 3957 vilia
844 3893 947 3969 fortis3

197 4006 307 4048 verum
325 3983 379 4048 ubi
397 3985 471 4067 quid
489 3986 601 4051 melius
620 3988 773 4072 contingit
790 3997 822 4051 et
839 3987 977 4062 unctius,
996 3986 1081 4050 idem

197 4100 255 4143 vos
274 4100 383 4163 sapere
401 4087 433 4142 et
450 4079 534 4144 soles
553 4080 603 4144 aio
621 4079 701 4146 bene
718 4082 839 4157 vivere,
859 4101 991 4162 quorum

199 4171 387 4256 conspicitur
403 4171 509 4239 nitidis
526 4172 658 4240 fundata
675 4175 808 4259 pecunia
825 4174 916 4237 villis.
