3225 5442
250 722 310 788 148
480 791 489 800 ‚
577 733 611 799 Q.
625 730 790 788 nonam
802 730 954 789 mccl

197 917 230 963 25
248 916 346 978 quum
364 914 473 956 versus
492 889 605 967 facins,
624 898 655 953 te
672 889 777 974 ipsum
794 899 985 975 percontor,
1004 916 1047 957 an
1065 901 1098 957 et
1113 914 1200 977 quum

248 989 327 1051 dura
344 986 400 1051 tihi
418 984 596 1070 peragenda
613 983 657 1047 rei
675 983 717 1047 sit
733 1005 849 1048 caussa
865 983 1000 1049 Petilli?

248 1081 367 1146 scilicet
383 1079 498 1145 oblitus
515 1078 695 1163 patriaeque
711 1078 889 1162 patrisque,
908 1078 1035 1144 Latine

247 1198 345 1258 quum
362 1173 480 1238 Pedius
499 1195 628 1236 caussas
645 1172 778 1235 exsudet
794 1170 965 1257 Poplicola
983 1184 1083 1258 atque

248 1269 420 1344 Corvinus,
438 1265 547 1352 patriis
565 1265 776 1330 intermiscere
792 1267 893 1351 petita

197 1384 230 1430 so
246 1362 343 1427 rerba
360 1362 437 1427 soris
454 1360 545 1425 maha
550 1407 559 1437 ‚
579 1358 732 1425 Canusini
749 1381 835 1423 more
853 1359 1024 1447 bilinguis.

247 1456 332 1541 utqui
350 1478 410 1541 ego
428 1477 525 1539 quum
544 1451 683 1519 Grnecos
701 1451 837 1517 facerem
854 1463 951 1519 natus
972 1478 1064 1521 mare
1082 1457 1161 1521 citra

208 1563 211 1571 '
246 1550 432 1627 versiculos,
445 1549 550 1613 tetuit
567 1570 617 1612 me
635 1547 689 1611 tali
707 1569 784 1611 voce
802 1546 971 1629 Quirinus,

185 1697 187 1702 .
246 1655 317 1730 post
336 1643 470 1708 mediam
488 1650 611 1706 noctem
628 1641 730 1718 visus,
749 1662 848 1724 quum
866 1644 997 1707 somnia
1014 1667 1107 1710 vera:

248 1738 300 1816 ,in
319 1737 430 1802 silvam
448 1758 511 1800 non
527 1736 616 1822 ligna
632 1734 716 1799 feras
733 1734 890 1823 insanius,
909 1758 948 1800 ac
968 1738 999 1801 si

196 1851 228 1899 35
246 1855 378 1917 magnas
397 1827 591 1896 Graecorum
608 1829 699 1893 malis
717 1828 846 1914 implere
863 1836 1048 1896 catervas.“

246 1926 389 2011 tmgidus
407 1923 545 2009 Alpinus
563 1923 684 2010 iugulat
702 1924 777 1987 dum
794 1922 986 2000 Memnona,
1007 1927 1151 2010 dumque

246 2020 377 2105 delingit
392 2016 497 2086 Rheni
513 2018 633 2082 luteum
651 2028 758 2104 caput,
776 2017 855 2081 haec
872 2040 936 2104 ego
952 2019 1043 2097 ludo,

246 2135 326 2197 quac
343 2134 445 2196 neque
462 2112 495 2175 in
513 2113 591 2176 aede
609 2122 720 2176 sonent
736 2111 886 2176 certantia
904 2112 1013 2179 iudice
1034 2115 1153 2201 Tarpa,

246 2229 304 2271 nco
321 2208 451 2271 redeant
467 2206 580 2270 iterum
597 2215 690 2289 atque
707 2205 821 2269 iterum
839 2208 1017 2289 spectanda
1035 2209 1177 2274 theatris.

195 2321 229 2367 40
247 2310 359 2386 arguta
375 2299 536 2364 meretrice
546 2293 643 2385 'potes
661 2297 817 2381 Davoque
836 2297 1012 2365 Chremeta

247 2395 391 2459 eludente
409 2415 517 2458 senem
535 2392 632 2457 comis
650 2392 768 2478 garrire
785 2375 907 2457 libellos

247 2510 329 2551 unus
348 2487 504 2563 rivorum,
523 2486 684 2565 Fundani3
702 2484 805 2551 Pollio
822 2508 934 2572 regum
1009 2519 1011 2523 ⁴

247 2582 332 2645 facta
349 2580 432 2644 canit
447 2580 528 2664 pede
546 2590 593 2644 ter
609 2602 774 2665 percuss03
792 2578 873 2644 forte
891 2601 969 2665 epos
988 2604 1067 2647 acer

247 2686 282 2738 ut
299 2680 392 2738 nemo
409 2673 525 2738 Varius
544 2673 643 2750 ducit3
661 2672 755 2738 molle
773 2683 867 2757 atque
885 2673 1027 2738 facetum

195 2789 228 2838 eo
246 2769 379 2855 Virgilio
397 2777 572 2833 annuerunt
589 2770 762 2854 gaudentes
779 2791 851 2833 rure
870 2768 1043 2835 Camenae.

246 2864 305 2927 hoc
323 2872 402 2939 erat,
422 2871 549 2946 experto
568 2863 683 2927 frustra
700 2862 841 2927 Varrone
858 2861 997 2929 Atacino

247 2967 340 3040 atque
358 2956 546 3039 quibusdam
564 2957 647 3034 aliis,
666 2957 777 3022 melius
795 2958 880 3040 quod
898 2958 1037 3023 scribere
1055 2982 1196 3045 possem,

247 3052 408 3115 inventore
426 3049 541 3127 minor3
560 3073 662 3134 neque
680 3073 740 3136 ego
757 3051 803 3115 illi
821 3051 984 3116 detrahere
1003 3055 1110 3119 ausim

247 3146 428 3208 haerentem
446 3144 539 3228 capiti
558 3166 629 3208 cum
647 3145 746 3208 multa
761 3144 854 3209 laude
873 3167 1030 3209 coronam.
1051 3186 1096 3194 -

196 3259 229 3305 50
247 3248 279 3302 at
296 3239 361 3301 dixi
381 3238 477 3301 flucre
494 3238 579 3301 hunc
596 3238 797 3316 lutulentum,
817 3260 911 3324 saepe
929 3239 1088 3305 ferentem

245 3333 336 3417 plura
352 3331 479 3414 quidem
498 3331 635 3395 tollenda
651 3332 872 3415 relinquendis.
891 3355 963 3419 age,
983 3356 1118 3417 quaes0‚

247 3437 281 3489 tu
299 3426 375 3489 nihil
393 3426 426 3489 in
443 3448 559 3511 magno
577 3426 688 3490 doctus
706 3427 907 3511 reprehendis
926 3427 1091 3493 Homero?

245 3520 289 3582 nil
307 3520 405 3584 comis
424 3519 534 3605 tragici
552 3529 652 3583 mutat
668 3519 812 3585 Lucilius
831 3522 910 3599 Atti,

245 3635 309 3676 non
325 3613 406 3676 ridet
423 3636 533 3678 versus
550 3614 637 3677 Enni
653 3614 805 3700 gravitate
823 3615 969 3693 minores,

197 3727 229 3774 55
247 3727 345 3790 quum
362 3707 402 3771 de
421 3729 455 3771 se
472 3706 609 3790 loquitur
626 3731 689 3772 non
706 3717 742 3771 ut
759 3709 876 3773 maiore
893 3709 1072 3794 reprensis?

245 3801 322 3884 quid
340 3810 425 3865 vetat
442 3813 474 3864 et
490 3812 613 3865 nosmet
630 3802 737 3866 Lucili
754 3803 870 3887 scripta
886 3803 1028 3889 legentes

245 3915 408 3977 quaerere,
427 3918 503 3958 num
520 3894 617 3972 illius,
636 3918 714 3959 num
730 3918 835 3961 rerum
853 3897 930 3961 dura
948 3897 1072 3983 negarit

245 3988 416 4053 versiculos
435 3998 546 4052 natura
562 3988 664 4074 magis
682 3990 783 4054 factos
803 4000 834 4054 et
852 3998 961 4055 euntes

245 4082 384 4158 mollius,
403 4103 441 4146 ac
459 4082 486 4146 si
503 4081 574 4165 quis
591 4082 725 4167 pedibus
744 4084 821 4166 quid
839 4083 984 4149 claudere
1002 4085 1088 4149 senis

195 4195 228 4241 60
245 4176 306 4240 hoo
323 4184 444 4239 tantum
462 4184 625 4240 contentus
643 4187 727 4241 amet
745 4177 909 4263 scripsisse
927 4178 1080 4242 ducentos

246 4280 317 4333 ante
336 4268 441 4332 cibum
458 4291 582 4347 versus,
602 4270 731 4334 totidem
749 4271 917 4336 coenatus?
933 4270 1063 4336 Etrusci

245 4362 337 4443 quale
356 4362 415 4425 fuit
433 4360 527 4425 Cassi
544 4363 652 4448 rapido
671 4364 842 4429 ferventius
861 4365 946 4429 amni

245 4454 419 4539 ingenium,
439 4454 541 4538 capsis
560 4478 654 4539 quem
672 4457 757 4522 fama
774 4467 824 4523 est
841 4481 911 4524 esse
928 4458 1080 4541 librisque
