3225 5442
510 723 781 782 EPISTOLARUM
797 724 873 780 LIB.
887 726 909 780 1.

193 885 307 950 vitabit
324 882 536 968 chlamydem,
554 882 704 947 morietur
720 883 851 969 frigore,
870 882 898 947 si
915 905 978 947 non

193 979 350 1045 rettuleris
368 1000 520 1063 pannum:
539 976 634 1054 refer,
653 987 685 1041 et
702 978 769 1042 sine
787 978 872 1042 vivat
889 976 1028 1061 ineptus!

192 1095 247 1138 res
265 1093 374 1158 gerere
392 1081 423 1135 et
441 1081 549 1155 captos
568 1071 732 1135 ostendere
751 1071 872 1135 civibus
890 1071 1007 1148 hostes,

193 1165 320 1251 attingit
338 1164 451 1229 solium
468 1164 554 1228 Iovis
572 1173 603 1228 et
621 1164 767 1228 caelestia
784 1172 892 1228 tentat.

192 1259 387 1346 principibus
405 1258 562 1344 placuisse
580 1257 654 1322 viris
672 1280 734 1321 non
752 1257 863 1321 ultima
879 1256 948 1321 laus
967 1266 1024 1321 θεῖ.

192 1376 260 1419 non
278 1352 376 1417 cuiuis
394 1350 513 1416 homini
531 1350 683 1436 contingit
700 1351 786 1415 adire
805 1349 1002 1415 Corinthum.
1117 1377 1120 1382 ·

195 1446 292 1523 sedit,
310 1446 364 1528 qui
382 1444 485 1509 timuit
501 1466 542 1509 ne
560 1467 622 1508 non
641 1444 834 1509 succederet:
854 1454 930 1508 csto.

194 1541 291 1625 quid?
309 1540 363 1622 qui
380 1539 536 1624 pervenit,
555 1538 669 1603 fecitne
688 1538 836 1602 viriliter?
852 1539 938 1622 atqui

194 1634 248 1699 hio
265 1643 313 1698 est
330 1644 384 1697 aut
401 1655 556 1716 nusquam
574 1634 658 1716 quod
676 1633 865 1717 quaerimus.
887 1632 939 1697 hio
957 1656 1036 1698 onus
1055 1632 1169 1711 horret,

195 1738 231 1792 ut
248 1727 353 1812 parvis
372 1727 484 1791 animis
503 1738 534 1791 et
550 1749 648 1812 parvo
666 1748 794 1811 corpore
813 1728 929 1804 maius3

194 1820 249 1885 hic
266 1821 350 1886 subit
367 1832 399 1885 et
415 1820 541 1905 perfert.
565 1829 619 1884 aut
636 1820 734 1885 virtus
753 1843 868 1885 nomen
885 1821 978 1885 inane
996 1831 1054 1898 est,

194 1924 251 1979 aut
268 1915 365 1979 decus
383 1924 414 1978 et
430 1914 565 2000 pretium
582 1924 666 1989 recte
682 1915 760 1999 petit
778 1915 941 2000 experiens
962 1916 1016 1980 vir.

195 2029 302 2072 coram
318 2030 394 2093 rege
412 2029 469 2072 suo
488 2008 527 2071 de
544 2017 727 2093 paupertate
745 2017 884 2072 tacentes

194 2101 267 2187 plus
284 2110 433 2186 poscente
450 2101 561 2165 ferent.
584 2102 694 2179 distat,
714 2124 861 2167 sumasne
879 2101 1040 2186 pudenter,

195 2220 238 2261 an
254 2197 367 2282 rapias.
391 2196 478 2280 atqui
494 2219 598 2262 rerum
616 2206 710 2281 caput
727 2196 787 2261 hoo
806 2207 885 2274 erat,
904 2196 955 2260 hic
972 2196 1054 2260 fons.

194 2291 335 2355 indotata
352 2290 429 2353 milri
446 2312 534 2355 soror
551 2299 613 2367 est,
631 2290 822 2375 paupercula
839 2299 947 2368 mater,

195 2393 228 2448 et
245 2383 362 2448 fundus
380 2406 440 2448 nec
457 2383 622 2449 vendibilis
640 2406 699 2448 neo
715 2406 845 2469 pascere
862 2383 981 2460 firmus,

195 2478 251 2561 qui
268 2478 356 2555 dicit,
375 2477 502 2542 clamat:
522 2478 659 2557 „vietum
678 2479 789 2557 date;“
810 2477 941 2543 succinit
958 2477 1049 2542 alter:

197 2582 251 2651 „et
267 2572 345 2636 mihi
361 2572 488 2636 dividuo
506 2572 642 2637 findetur
658 2595 788 2637 munere
807 2572 955 2656 quadra.“

196 2666 254 2731 sed
271 2667 382 2731 tacitus
399 2666 488 2752 pasci
506 2666 533 2731 si
549 2676 658 2751 posset
676 2689 804 2744 corvus,
822 2665 952 2730 haberet

194 2759 267 2845 plus
286 2759 375 2845 dapis
393 2769 424 2825 et
440 2760 526 2825 rixae
543 2761 642 2825 multo
660 2761 763 2825 minus
782 2760 990 2845 insidiaeque.

194 2853 398 2918 Brundisium
416 2876 520 2918 comes
539 2864 593 2919 aut
612 2852 798 2919 Surrentum
817 2855 929 2919 ductus
948 2876 1115 2918 amoenum

194 2948 251 3031 qui
267 2947 406 3031 queritur
424 2947 563 3014 salebras
581 2958 613 3013 et
629 2948 777 3013 acerbum
795 2948 897 3034 frigus
915 2957 947 3011 et
964 2948 1090 3023 imbres,

195 3050 250 3104 aut
267 3042 378 3105 cistam
395 3041 556 3106 effractam
574 3051 605 3106 et
623 3042 778 3107 subducta
794 3042 909 3106 viatica
926 3041 1036 3126 plorat,

194 3144 270 3199 nota
285 3133 381 3198 refert
398 3135 569 3200 meretricis
587 3137 745 3214 acumina,
766 3157 860 3221 saepe
878 3135 1031 3211 catellam,

195 3250 289 3313 saepe
306 3228 522 3314 periscelidem
539 3239 662 3315 raptam
680 3229 740 3294 sibi
757 3230 876 3307 flentis,
894 3229 941 3292 uti
957 3250 1033 3292 mox

194 3321 281 3385 nulla
297 3322 376 3387 fides
394 3322 517 3388 damnis
535 3324 680 3407 verisque
698 3322 858 3389 doloribus
877 3323 967 3388 adsit.

194 3436 253 3478 nco
271 3416 368 3480 semel
385 3416 494 3481 irrisus
513 3417 612 3482 triviis
630 3418 770 3482 attollere
788 3427 877 3481 curat

194 3507 295 3573 fracto
313 3532 402 3574 crure
419 3510 562 3595 planum,
581 3511 653 3575 licet
670 3511 716 3575 illi
732 3509 869 3596 plurima
885 3519 990 3575 manet

194 3600 335 3681 lacrima,
353 3625 410 3688 per
427 3614 571 3669 sanctum
588 3606 708 3671 iuratus
726 3605 810 3670 dicat
829 3602 963 3671 Osirim:

194 3696 324 3774 credite,
343 3720 406 3762 non
423 3698 513 3777 lud03
531 3699 687 3776 crudeles,
706 3699 804 3763 tollite
822 3697 983 3764 claudum!
1004 3736 1044 3744 -

193 3813 309 3873 quaere
326 3792 540 3879 peregrinum,
559 3792 673 3857 vicinia
689 3815 784 3858 rauca
800 3794 959 3858 reclamat.

514 3993 760 4063 EPISTOLA
782 3994 907 4054 XVIII.

562 4140 619 4190 An
647 4138 856 4190 nonnum.

195 4258 231 4327 Si
249 4261 330 4327 bene
348 4271 378 4327 te
396 4264 483 4343 novi,
502 4275 638 4343 metues,
656 4263 812 4329 liberrime
829 4263 924 4340 Lolli,

193 4357 364 4424 scurrantis
382 4358 520 4445 speciem
537 4360 701 4444 praebere,
720 4358 883 4443 professus
902 4356 1047 4422 amicum.

193 4461 228 4515 ut
246 4462 389 4518 matrona
406 4453 561 4518 meretrici
579 4453 687 4539 dispar
704 4452 762 4518 erit
779 4461 874 4536 atque
