3225 5442
346 724 429 768 XXII
726 724 764 762 DE
784 721 852 762 VITA
870 723 907 762 ET
926 722 1048 763 SCRIPTIS

343 844 443 906 poetae
457 841 514 888 tam
528 836 556 887 in
567 834 674 903 Epodis
689 850 772 904 quam
788 833 816 885 in
832 830 881 885 Sa·
899 839 964 901 post
985 833 1138 886 Homerum
1159 833 1297 887 universa
1325 833 1446 888 Graecia

342 904 564 958 tirisclarissime
576 902 706 955 cernitur.
899 900 1016 954 maxime
1035 902 1173 954 admirata
1191 907 1247 967 est,
1281 902 1371 956 huius
1390 921 1444 956 car-

375 973 486 1026 Etenim
495 972 596 1041 poesin
605 970 723 1040 lyricam
731 968 880 1023 Horatium
899 968 974 1021 mina
988 985 1050 1022 cum
1064 969 1181 1022 Homeri
1199 975 1228 1023 et
1241 969 1370 1024 Hesiodi
1390 988 1444 1024 ear·

342 1048 455 1095 constat
465 1040 530 1092 inde
540 1056 670 1093 exorsum
681 1054 753 1104 esse,
762 1043 880 1089 utmore
899 1036 1019 1089 minibus
1051 1038 1238 1091 decantarunt
1268 1038 1443 1107 rhapsodi31

341 1107 646 1179 modoqueArchiloehio
654 1106 793 1160 scriberet.
800 1104 881 1168 Quod
899 1106 974 1158 hunc
985 1106 1098 1185 plurimi
1111 1105 1140 1158 in
1155 1105 1263 1159 deliciis
1280 1106 1444 1161 habueruut

341 1178 454 1248 quidem
463 1174 803 1253 primusinterpopulares
815 1188 880 1225 suos
900 1178 928 1226 et
945 1173 1100 1227 im1tatione
1120 1174 1317 1242 celebrarunt,
1340 1181 1376 1228 ut
1392 1173 1442 1229 Ae·

340 1246 467 1300 tentavit.
487 1242 675 1307 Quamobrem
689 1258 749 1319 ipse
758 1240 848 1309 Epist.
858 1240 880 1293 I.
901 1241 1028 1310 schylus,
1056 1240 1199 1309 Cratinus,
1222 1240 1441 1310 Aristophanes,

340 1314 428 1382 1923.
440 1329 501 1365 sese
513 1310 774 1377 scribit'princrpem
783 1310 881 1360 iambos
900 1310 962 1376 alii,
989 1310 1064 1362 hune
1083 1310 1204 1378 denique
1224 1310 1313 1363 etiam
1330 1311 1442 1364 nobiles

340 1384 478 1435 ostendisse
491 1381 577 1441 Lario,
592 1395 713 1429 austeros
732 1379 881 1445 animosque
899 1377 1074 1446 grammatici
1087 1376 1272 1431 Alexandrini
1290 1384 1325 1430 ut
1341 1379 1441 1446 princi·

339 1446 881 1518 sequutomArctilocti.ooorosetopeotia
898 1462 962 1514 pem
980 1451 1126 1514 poetarum
1145 1446 1334 1499 iambicorum
1351 1447 1382 1500 in
1401 1464 1441 1500 ca·

339 1518 418 1569 verba
432 1515 594 1583 Lycambeo;
613 1512 659 1581 qui
680 1512 759 1565 locus
778 1514 816 1564 ad
836 1528 880 1564 eo·
899 1530 1034 1567 nonesuo
1050 1519 1219 1582 posueruut,
1238 1519 1346 1593 postea
1359 1515 1440 1569 etiam

340 1583 532 1653 gnoscendam
546 1581 781 1649 iudicandumque
795 1580 880 1633 ratio·
899 1581 946 1633 alii
965 1581 1045 1634 multi
1068 1582 1274 1635 commentarris
1298 1582 1440 1636 illustrari·

339 1669 412 1718 nem,
420 1649 537 1720 quamin
547 1648 704 1701 scribendis
714 1648 757 1700 his
767 1665 879 1715 poema·
899 1650 964 1701 dum
981 1650 1201 1703 iudicaverunts
1234 1650 1330 1714 Quum
1349 1657 1439 1704 autem

339 1720 376 1772 tis
394 1718 497 1785 tenuit,
521 1718 606 1786 longe
626 1722 669 1769 est
687 1716 879 1784 gravissimus.
897 1717 927 1769 in
941 1717 1025 1770 variis
1040 1717 1191 1771 carminum
1205 1718 1375 1787 generibus,
1394 1719 1439 1788 hy·

340 1786 494 1840 Constituit
506 1785 594 1855 igitur
607 1791 692 1853 poeta
706 1784 815 1837 iuvenis
824 1784 879 1853 pri·
898 1785 978 1853 mnis,
990 1786 1087 1856 elegis,
1099 1786 1320 1855 epigrammatis,
1337 1788 1438 1853 seoliis,

339 1873 412 1907 mum
427 1854 456 1907 in
470 1854 577 1922 Epodis
594 1852 651 1905 suis
665 1852 767 1905 imitari
780 1852 879 1905 Archi-
897 1853 1012 1921 fabulis,
1033 1872 1095 1907 cum
1104 1854 1188 1907 laude
1199 1854 1394 1909 elaboraverit
1403 1862 1438 1908 at-

338 1923 453 1975 loehum
465 1922 592 1989 Parium,
607 1920 647 1973 ita
661 1920 788 1990 quidem,
804 1926 880 1973 utet
898 1938 952 1991 que
971 1922 1056 1975 etiam
1074 1921 1264 1990 compluribus
1287 1930 1438 1977 metrorum

339 1990 460 2043 animum
479 1990 554 2042 illius
572 1988 741 2058 exprimeret
762 1996 791 2042 et
812 1989 878 2042 iam·
898 1988 1063 2058 generibus,
1092 2006 1164 2059 quae
1183 1997 1326 2043 vocantur
1344 1990 1438 2044 Archi-

338 2058 418 2112 bicos
429 2058 489 2111 eius
503 2075 635 2111 numeros
649 2057 784 2111 imitando
799 2055 878 2110 effin-
897 2058 1004 2125 lochis,
1037 2057 1157 2110 inventis
1185 2057 1278 2111 clarus
1307 2058 1437 2126 extiterit,

338 2134 426 2197 geret.
457 2128 522 2180 Hoc
541 2143 607 2179 vero
627 2125 775 2179 eonsilium
794 2126 878 2195 quale
897 2130 992 2179 tamen
1002 2126 1148 2179 maximam
1158 2125 1279 2178 nominis
1291 2128 1437 2180 celebrita·

338 2203 366 2249 et
376 2201 512 2266 quantum
521 2194 615 2261 fuerit,
630 2194 670 2247 ita
680 2195 791 2247 demum
801 2198 877 2246 reete
897 2199 953 2246 tem
972 2194 1091 2262 adeptus
1110 2199 1154 2247 est
1169 2194 1349 2262 lamborum,
1371 2212 1437 2265 quos

337 2263 587 2329 aestimaverimus,
606 2262 655 2314 ubi
686 2262 779 2314 uantis
789 2261 878 2314 laudi·
898 2261 1140 2328 condidit,vi1·tute
1151 2267 1180 2315 et
1189 2262 1371 2331 excellentia,
1383 2263 1437 2333 qui·

338 2332 391 2384 bus
403 2336 490 2409 poeta
500 2330 599 2383 Parius
615 2279 690 2401 apdd
703 2335 813 2383 veteres
828 2327 878 2381 flo-
897 2330 949 2382 bus
960 2329 1073 2400 quidem
1087 2329 1117 2382 id
1131 2329 1202 2398 egit,
1217 2334 1249 2382 ut
1259 2329 1391 2400 singulos
1402 2337 1437 2384 at-

337 2404 424 2451 ruerit
434 2405 462 2451 et
471 2397 573 2466 quibus
585 2397 733 2449 virtutibus
743 2397 877 2450 fueritin·
897 2414 951 2468 que
976 2403 1068 2450 certos
1091 2398 1219 2451 homines
1241 2398 1437 2452 vehementius

338 2466 439 2535 signis,
459 2464 619 2517 accuratius
638 2466 877 2532 perpenderimus.
896 2466 1084 2518 insectaretur
1101 2473 1185 2534 atque
1199 2466 1332 2519 acerbius
1348 2468 1437 2536 exagi-

336 2533 448 2587 Etenim
458 2549 589 2601 magnum
599 2532 729 2599 profecto
740 2535 817 2601 apud
832 2549 876 2587 ve·
895 2538 994 2587 taret³
1017 2534 1088 2589 Nam
1098 2534 1206 2601 Iambus,
1216 2532 1309 2603 inquit
1320 2535 1437 2588 Proclus

336 2607 412 2655 teres
425 2600 589 2653 Archilochi
604 2599 680 2652 Parii
698 2617 799 2653 nomen
815 2600 876 2669 fuit,
895 2619 922 2669 p.
932 2602 956 2655 t.
971 2600 1187 2665 Chrestomarh,
1206 2604 1279 2653 etad
1293 2606 1436 2656 coambien-

336 2675 368 2722 ut
377 2669 449 2722 adeo
461 2684 512 2720 suo
526 2668 555 2719 in
565 2684 667 2736 genere
683 2667 741 2721 fere
751 2668 875 2722 Homero
895 2672 955 2721 dom
966 2672 1028 2722 olim
1038 2679 1203 2737 comparatus
1217 2669 1283 2735 foit;
1302 2672 1437 2740 ἰαμβίζειν

335 2733 878 2808 parhabereturacsimpliciterriIIcipioe
895 2739 961 2790 enim
997 2741 1100 2806 linquae
1135 2740 1247 2807 quadum
1280 2742 1437 2807 proprietate

336 2805 449 2871 ποιητής
476 2804 674 2872 appellaretur.
714 2804 805 2857 Natus
828 2806 876 2857 ille
895 2808 1122 2858 contumeliose
1139 2807 1245 2858 dicere
1263 2808 1436 2875 significabat.

336 2872 391 2925 fuit
403 2872 432 2924 in
447 2870 636 2939 Paroinsula,
657 2887 741 2940 quam
755 2872 877 2940 patriam
896 2873 970 2928 conf.
989 2873 1073 2926 etiam
1086 2872 1232 2927 Aristotel.
1251 2874 1362 2928 Poetic.
1383 2875 1436 2928 cl.

336 2958 415 2999 suam
433 2945 528 2993 tamen
544 2940 600 2993 iam
617 2945 725 2992 mature
748 2940 876 3013 reliquit,
896 2940 1011 3007 Quintil.
1025 2940 1077 2993 IX.
1089 2940 1115 3010 4,
1132 2940 1189 2995 141.
1220 2941 1254 2993 In
1273 2941 1317 2994 his
1337 2944 1435 2997 iambis

334 3008 467 3088 migravit
477 3008 550 3062 enim
559 3007 876 3075 inThasum,Thraciae
895 3014 988 3062 autem
1006 3008 1111 3078 primus
1130 3009 1213 3062 etiam
1232 3026 1300 3062 usus
1316 3016 1362 3063 est
1379 3028 1435 3064 ver·

334 3078 468 3145 vicinam,
485 3093 556 3146 quae
571 3075 626 3129 fuit
634 3076 782 3130 Pariorum
800 3077 875 3130 colo·
896 3076 973 3129 sibus
988 3076 1119 3145 ἐπῳδοῖς,
1144 3076 1226 3129 sicuti
1239 3081 1364 3131 testatur
1374 3080 1435 3133 Plu·

334 3146 382 3199 nia
393 3144 503 3215 Olymp.
513 3145 577 3199 XV.
592 3145 638 3198 vel
651 3144 760 3199 XVHI.
775 3161 809 3199 eo
829 3145 875 3198 de·
895 3144 1191 3198 tarehusDeMusioa4
1204 3144 1435 3200 hisususverbis:

335 3214 428 3267 ducta.
447 3214 523 3281 Fuit,
538 3219 570 3265 ut
579 3212 677 3267 Cicero
688 3213 776 3267 refert
790 3219 801 3255 1
819 3213 875 3266 iam
895 3212 998 3293 πρώτῳ
1013 3212 1087 3280 αὐτῷ
1101 3213 1136 3265 τὰ
1149 3211 1245 3280 ἐπῳδὰ
1259 3211 1434 3268 ἀποδίδοται.

334 3281 455 3333 Romulo
466 3286 616 3350 regnante,
636 3288 664 3334 et
678 3282 753 3335 circa
763 3255 874 3350 Hlymp.
894 3280 1029 3335 Nimirum
1044 3279 1153 3347 ἐπῳὸοί
1163 3281 1275 3349 proprie
1288 3282 1359 3335 dicti
1374 3288 1435 3335 sunt

334 3348 445 3401 XXIII.
461 3367 482 3401 s.
496 3353 561 3401 ante
572 3347 636 3400 Chr.
650 3367 677 3402 n.
688 3350 746 3402 688.
757 3348 875 3402 maxime
894 3366 991 3403 versus
1010 3348 1153 3402 breviores
1171 3348 1285 3402 iambici
1299 3350 1431 3421 longiori·

334 3416 473 3469 inclaruit.
499 3414 741 3469 Excelluitautem
772 3417 875 3470 uumiu
894 3417 947 3470 bus
962 3416 1090 3469 versibus
1105 3416 1224 3469 subiecti
1249 3417 1339 3471 uthis
1355 3417 1434 3489 quasi

335 3482 462 3550 elegiaco
477 3482 572 3550 poesis
587 3499 691 3550 genere
706 3483 742 3536 ab
752 3434 875 3537 (ionibus
894 3484 1022 3538 accinerc
1032 3484 1187 3537 videantur.
1210 3457 1252 3537 Hx
1263 3502 1319 3555 quo
1330 3486 1434 3540 laetum

334 3550 459 3618 inprimis
470 3550 624 3616 celebrate,
633 3556 692 3602 tum
702 3551 820 3604 maxime
831 3568 874 3619 e0,
894 3560 945 3620 est,
955 3557 987 3605 ut
997 3553 1096 3606 eodem
1102 3552 1434 3609 nomineetiamcarmina

335 3617 558 3697 quodiambum,
577 3617 633 3669 hoc
643 3625 698 3686 est,
715 3635 828 3672 carmen
838 3620 875 3673 ad
894 3621 1106 3690 appellarentur
1115 3638 1149 3674 ex
1164 3619 1291 3673 versibus
1307 3623 1434 3691 epodicis

334 3686 454 3738 ridenda
467 3683 610 3738 hominum
629 3685 697 3738 vitia
711 3703 795 3739 versu
808 3687 874 3740 iam·
894 3688 1058 3757 composita.
1082 3689 1172 3751 Quam
1194 3705 1257 3741 uam
1273 3692 1374 3744 morito
1386 3692 1433 3743 du·

334 3753 399 3807 bico
410 3752 605 3821 compositum,
616 3753 876 3821 etprimusinvcnit
893 3756 980 3825 bites,
1006 3774 1074 3809 num
1091 3756 1152 3826 ipse
1198 3756 1361 3811 rehilochus
1381 3758 1435 3811 hoc

334 3828 364 3875 et
381 3822 418 3874 ad
437 3838 571 3893 summam
585 3821 652 3874 artis
670 3821 874 3890 perfectionem
893 3842 995 3878 nomen
1004 3824 1104 3877 iambis
1120 3825 1176 3877 suis
1191 3823 1338 3895 indiderit,
1358 3827 1434 3896 quod

334 3889 466 3943 excoluit.
494 3888 678 3952 Quonomine
689 3889 799 3945 etiama
810 3893 874 3946 Vel·
892 3892 1050 3961 posteriore
1069 3893 1180 3946 demum
1198 3898 1326 3960 tempore
1346 3894 1433 3948 credi-

333 3958 390 4013 leio
412 3958 583 4011 Paterculo2
606 3957 713 4010 eximiis
735 3965 875 4013 mactatur
893 3961 950 4014 bile
964 3966 1008 4013 est
1022 3977 1039 4013 a
1053 3959 1250 4015 Grammaticis
1269 3967 1434 4030 usurpatum

333 4026 481 4095 laudibus,
518 4025 623 4094 quippe
656 4026 704 4095 qui
735 4028 873 4081 neminem
893 4044 965 4096 esse,
981 4027 1063 4081 sicuti
1077 4028 1213 4081 iudicavit
1227 4027 1312 4081 etiam
1323 4030 1433 4083 Liebel.

334 4112 501 4165 quemquam
511 4094 629 4163 reperiri
639 4095 799 4165 arbitretur,
815 4096 872 4166 qui,
892 4094 1096 4149 adArchiloeh.
1105 4113 1133 4164 p.
1142 4096 1183 4149 45.
1195 4101 1258 4163 etp.
1270 4096 1328 4150 162.
1349 4096 1433 4151 Caus-

334 4164 413 4215 cuius
437 4162 530 4231 operis
551 4162 670 4231 primum
691 4163 753 4232 ipse
775 4170 874 4217 auctor
893 4180 951 4217 sam
962 4169 1054 4217 autem
1064 4170 1093 4217 et
1107 4164 1243 4233 originem
1253 4165 1375 4219 nominis
1386 4166 1433 4218 du·

333 4230 430 4298 fuerit,
453 4232 534 4284 ineo
555 4231 689 4284 continuo
709 4232 792 4284 etiam
811 4250 872 4301 per·
917 4271 928 4307 1
942 4269 1176 4317 ΜΜΠΙΧῙΜΜ.

333 4296 503 4350 fortissimus
514 4299 638 4353 extiterit
646 4305 760 4368 praeter
768 4300 874 4353 Home·
917 4322 928 4358 a
942 4331 964 4357 v.
975 4318 1065 4367 Quintil.
1075 4320 1102 4358 x.
1114 4322 1132 4358 1.

333 4381 394 4416 rum
408 4370 437 4417 et
445 4364 654 4419 Archilochum.
682 4367 782 4436 Itaque
797 4368 872 4420 hunc
916 4370 1127 4459 ³v·{1‹³,rat·lssr91⁸t·
1138 4370 1348 4460 ⁰⁶1³{2013dv-,792c
1363 4372 1432 4422 apos.

337 4446 527 4507 'iuuatur
729 4512 731 4515 .
891 4423 1431 4514 “Asatiatiot.u.·2.·.1¹.⁶:t....

360 4521 372 4557 2
386 4518 435 4558 Lib.
445 4519 462 4557 1.
473 4522 491 4557 5.
881 4534 912 4572 ip.
923 4525 981 4563 1251.
992 4523 1025 4561 ed.
1035 4524 1122 4563 Puteoli.
