3225 5442
452 721 657 779 CARMINUM
674 723 748 777 LlB.
762 723 813 778 lv.

286 891 322 944 ut
339 890 443 944 tamen
460 879 560 955 noris,
579 878 692 961 quibus
711 879 873 943 advoceris

286 973 423 1060 gaudiis,
441 971 519 1036 Idus
538 971 593 1035 tihi
612 982 683 1035 sunt
701 973 852 1058 agendae,

286 1067 340 1149 qui
357 1066 424 1131 dies
442 1088 583 1130 mensem
601 1064 734 1131 Veneris
752 1068 890 1131 marinae

348 1160 438 1223 findit
454 1157 607 1243 Aprilem,

286 1295 352 1360 iure
371 1295 530 1360 sollemnis
547 1295 624 1359 mihi
643 1296 839 1379 sanctiorque

286 1411 384 1474 paene
402 1389 498 1453 natali
515 1389 656 1474 proprio,
675 1390 760 1472 quod
777 1412 818 1453 ex
836 1389 894 1454 hae

287 1484 355 1547 luce
373 1482 544 1547 Maecenas
562 1505 651 1547 meus
670 1483 835 1548 allluentes

350 1576 472 1640 ordinat
490 1599 599 1641 annos.

287 1713 476 1797 Telephum,
495 1735 588 1796 quern
607 1722 641 1776 tu
657 1713 752 1798 petis,
772 1714 945 1798 occupavit,

287 1830 349 1870 non
366 1817 438 1871 tuae
457 1807 548 1872 sortis
566 1807 726 1884 iuvenem,
744 1808 850 1892 puelle

288 1901 376 1965 dives
394 1911 426 1965 et
442 1901 561 1966 lasciva
579 1910 724 1985 tenetque
741 1912 832 1988 grata

351 1996 501 2079 compede
519 1995 667 2058 vinetum.

288 2140 380 2195 terret
397 2130 561 2196 ambustus
580 2130 745 2196 Phaethon
763 2153 874 2195 avaras

289 2246 374 2308 spes,
394 2233 425 2289 et
443 2225 620 2311 exemplum
638 2247 735 2311 grove
751 2224 882 2309 praebet
899 2225 965 2289 ales

287 2317 430 2404 Pegasus
449 2328 605 2384 terrenum
622 2319 757 2403 equitem
776 2329 925 2405 gravatus

260 2459 263 2466 -
354 2412 637 2497 Bellerophontem,

288 2570 410 2633 semper
427 2559 462 2612 ut
479 2558 510 2611 te
528 2548 625 2635 digna
642 2570 787 2631 sequare,
807 2559 852 2625 et,
870 2549 952 2613 ultra

286 2663 381 2724 quam
398 2642 471 2706 licet
488 2663 612 2726 sperare
630 2642 720 2706 nefas
737 2642 886 2727 putando,

287 2736 443 2820 disparem
460 2735 550 2801 vites.
569 2758 629 2823 age
646 2736 723 2814 iarn,
742 2759 883 2801 meorum

350 2829 421 2893 finis
440 2850 595 2907 amorum,
615 2870 656 2877 -

287 2986 349 3029 non
368 2965 450 3029 enim
468 2966 600 3050 posthac
618 2967 680 3031 alia
697 2966 806 3032 calebo

288 3057 405 3122 femina
423 3098 463 3105 —
483 3060 629 3125 condisce
648 3061 772 3137 modos,
792 3061 927 3124 amanda

289 3174 364 3216 voce
382 3174 460 3235 quos
477 3154 606 3232 reddas3
624 3155 803 3220 minuentur
821 3164 905 3217 atrae

351 3247 487 3311 carmine
504 3269 607 3311 curae.

481 3472 679 3533 GARMEN
701 3473 780 3532 XII.

442 3616 502 3664 Ar)
535 3616 819 3667 vrnernluu.

246 3730 315 3804 Iam
332 3740 414 3805 veris
434 3741 578 3819 comites,
597 3764 677 3825 quae
696 3765 781 3806 mare
799 3750 981 3826 temperant,

246 3831 408 3917 impellunt
425 3836 550 3901 animae
564 3835 660 3900 lintea
677 3835 845 3912 Thraciae3

246 3925 307 3990 iam
324 3949 383 3991 nec
400 3938 489 4013 prata
506 3930 621 4017 rigent,
641 3951 699 3994 nec
716 3929 803 3994 fluvii
821 3938 962 4013 strepunt

309 4020 439 4086 hiberna
455 4024 528 4088 nive
545 4023 669 4110 turgidi.

247 4157 352 4221 nidum
370 4158 471 4243 ponit,
490 4159 564 4243 Ityn
581 4160 725 4225 flebiliter
741 4180 883 4245 gemens,

247 4249 354 4314 infelix
372 4252 440 4315 avis
458 4260 490 4315 et
509 4251 680 4338 Cecropiae
699 4254 811 4316 domus

247 4352 406 4409 aeternum
424 4345 639 4431 opprobrium,
657 4345 741 4429 quod
760 4345 841 4408 male
859 4342 1007 4407 barbarus

309 4462 420 4525 regum
439 4452 487 4504 est
506 4442 572 4505 ulta
587 4441 742 4507 libidines.
