3225 5442
511 727 785 785 EPISTOLARUM
803 730 877 785 LIB.
891 729 912 784 Ι.

476 1248 518 1322 o.
540 1247 753 1308 Hoonru
775 1248 952 1310 nuncsi

214 1369 1192 1561 uursrounuuu

547 1674 879 1758 urnuurnruus

563 1881 813 1996 uprsron'n
832 1930 866 1999 1..

509 2072 566 2121 AD
593 2072 912 2122 MAECENATEM·

193 2198 304 2263 Prima
320 2198 401 2262 dicte
418 2196 509 2274 mihi,
529 2219 653 2262 summa
670 2197 802 2261 dicende
821 2196 972 2275 Camena,

194 2301 370 2376 spectatum
388 2292 464 2356 satis
483 2301 514 2356 et
531 2292 681 2356 donatum
699 2292 762 2355 iam
779 2292 857 2356 rude
875 2291 1010 2375 quaeris,

192 2385 378 2462 Maecenas,
397 2386 511 2449 iterum
528 2384 657 2468 antiquo
675 2407 726 2449 me
744 2385 903 2449 includere
920 2386 1015 2450 ludo?

174 2485 259 2543 ‘non
276 2480 386 2544 eadem
404 2488 452 2543 est
469 2489 569 2555 aetas,
588 2502 652 2564 non
668 2502 767 2544 mens.
791 2477 957 2556 Veianius,
976 2480 1071 2544 armis

194 2573 343 2639 Herculis
361 2574 401 2637 ad
417 2582 542 2659 postem
559 2573 646 2653 finis,
664 2573 739 2637 latet
757 2572 884 2642 abditus
902 2597 988 2661 agrO,
1245 2593 1259 2638 5

195 2688 236 2731 ue
252 2667 403 2753 populum
421 2676 561 2731 extrema
578 2666 669 2731 toties
688 2676 796 2732 exeret
813 2690 916 2731 arena.

195 2770 245 2825 est
262 2761 339 2825 mihi
354 2770 519 2847 purgatam
538 2761 647 2825 crebro
665 2761 719 2844 qui
736 2772 884 2847 personet
902 2785 1023 2826 aurem:
1145 2794 1148 2799 ·

196 2855 284 2920 solve
302 2864 516 2919 senescentem
533 2865 654 2919 mature
673 2879 768 2921 sanus
787 2878 918 2938 equum,
937 2879 977 2920 ne

194 2957 305 3033 peccet
322 2949 363 3012 ad
380 2958 554 3013 extremum
570 2950 720 3039 ridendus
738 2959 770 3014 et
786 2949 841 3014 ilia
857 2950 960 3015 ducat.

193 3064 280 3106 nune
296 3042 401 3125 itaque
419 3052 450 3107 et
466 3065 576 3108 versus
595 3053 627 3107 et
644 3054 747 3109 cetera
763 3043 884 3109 ludicra
900 3066 998 3129 pono:
1246 3062 1276 3108 ιο

178 3182 183 3190 .
194 3135 273 3218 quid
281 3157 391 3199 verum
403 3144 496 3219 atque
506 3137 621 3201 decens
631 3160 706 3202 curo
719 3147 750 3202 et
762 3160 850 3224 rogo,
865 3147 896 3203 et
909 3138 1010 3202 omnis
1024 3137 1058 3201 in
1066 3135 1126 3200 hoc
1140 3159 1224 3201 sum:

195 3229 297 3293 condo
315 3237 347 3293 et
363 3250 517 3314 compono
534 3252 615 3314 quae
632 3253 708 3295 mox
725 3232 907 3316 depromere
923 3231 1054 3316 possim.

195 3344 234 3386 ac
250 3344 291 3386 ne
308 3322 389 3387 forte
406 3345 513 3409 roges,
532 3345 595 3407 quo
613 3347 665 3389 me
682 3324 775 3402 duce,
794 3347 857 3407 quo
875 3324 939 3388 lare
957 3333 1054 3388 tuterr
1169 3340 1171 3344 '

194 3416 311 3481 nullius
329 3416 473 3481 addictus
490 3417 592 3481 iurare
610 3417 644 3482 in
660 3417 757 3483 verba
773 3417 925 3503 magistri,

195 3530 327 3591 quomo
345 3531 479 3592 cumque
496 3511 578 3596 rapit
596 3521 780 3597 tempestas,
799 3512 923 3577 deferor
940 3512 1065 3598 hospes.

195 3624 280 3666 nunc
297 3603 388 3689 agilis
406 3603 449 3668 fio
467 3612 499 3668 et
515 3627 636 3670 mersor
653 3605 797 3670 citilibus
817 3606 920 3683 undis,

195 3697 319 3763 virtutis
337 3721 430 3763 verae
448 3710 554 3765 eustos
572 3699 755 3787 rigidusque
773 3702 912 3779 satelles,

195 3792 330 3856 nuncin
346 3792 503 3881 Aristippi
519 3795 628 3859 furtim
644 3805 811 3881 praecepta
828 3795 959 3871 relabor,
1035 3865 1039 3874 ,

195 3895 227 3951 et
244 3886 321 3950 mihi
338 3909 403 3964 res,
422 3910 487 3952 non
503 3911 555 3953 me
571 3889 680 3966 rebus,
700 3890 890 3974 subiungere
909 3910 1014 3952 conor.

195 3990 231 4044 ut
247 4003 311 4045 nox
327 3982 437 4067 longa,
456 3982 570 4064 quibus
588 3984 737 4058 mentitur
754 3985 869 4061 amica,
888 3983 1019 4064 diesque

194 4073 290 4160 longa
306 4074 431 4139 videtur
448 4097 527 4162 opus
545 4077 746 4154 debentibus,
765 4087 800 4139 ut
817 4077 907 4162 piger
924 4097 1024 4139 annus

193 4168 336 4252 pupillis,
355 4191 436 4253 quos
454 4171 533 4234 dura
549 4171 663 4256 premit
680 4172 822 4235 custodia
839 4182 989 4245 matrum3

195 4261 242 4326 sie
259 4262 335 4326 mihi
353 4264 443 4329 tarda
459 4264 560 4329 fluunt
576 4264 760 4351 ingrataque
779 4275 934 4348 tempora,
954 4284 1036 4345 quae
1054 4282 1143 4345 spem

195 4356 422 4441 consiliumque
440 4364 600 4424 morantur
618 4359 733 4445 agendi
749 4358 892 4445 gnaviter
910 4358 956 4433 id,
976 4356 1061 4439 quod

195 4472 296 4533 aeque
313 4453 505 4537 pauperibus
522 4454 664 4539 prodest,
682 4454 889 4539 locupletibus
908 4474 1017 4535 aeque,

994 4555 1053 4615 12*
