3225 5442
586 715 614 765 Q.
634 715 753 756 uosaru
772 714 876 756 fuscor
1193 715 1287 761 xxxi

191 826 306 896 linguae
325 825 453 879 fontibus
473 826 619 895 eleganter
638 826 731 878 tradu-
751 825 839 880 fuisse
858 826 1044 895 existimetur,
1072 833 1166 882 tamen
1184 830 1289 899 optimo

190 903 274 948 ctum.
306 893 421 949 Numeri
439 901 534 948 autem
553 912 638 964 quum
656 894 732 947 vide·
751 894 811 948 iure
825 895 929 948 Lucilii
946 894 975 948 in
992 897 1147 950 condendis
1162 898 1290 952 versibus

188 970 274 1017 antur
284 962 434 1016 solutiores
445 968 529 1031 etque
544 961 732 1031 negligentio-
750 962 886 1016 incuriam
897 964 1102 1032 reprehendere
1113 970 1141 1017 ct
1150 965 1290 1036 castigare

188 1049 244 1100 res,
265 1030 497 1110 quandoquidem
507 1047 570 1084 cum
586 1048 668 1085 versu
683 1030 731 1083 he·
751 1031 901 1099 potueritl

189 1105 317 1153 xametro
324 1098 445 1168 Virgilii,
453 1098 688 1166 Ovidii,aliorum,
695 1099 732 1152 ad
777 1097 834 1152 Sed
845 1116 930 1168 quum
940 1116 973 1154 ex
987 1100 1031 1153 his
1042 1100 1171 1154 omnibus
1184 1101 1291 1170 perspi-

189 1168 305 1221 laudem
315 1166 513 1220 concinnitatis
529 1175 558 1220 et
572 1167 731 1236 elegantiae
751 1183 802 1220 cue
821 1167 1005 1237 intelligatur,
1025 1176 1161 1239 quantum
1179 1170 1291 1239 elegan-

188 1235 411 1305 haudquaquam
442 1252 503 1288 corn
525 1236 625 1289 arandi
658 1242 731 1302 sunt,
750 1235 1291 1303 tiaepoetasatirarumsuarumformae

188 1312 285 1358 tamen
303 1303 359 1357 ista
376 1302 439 1372 ipsa
453 1253 638 1373 negiigentia,
658 1320 731 1372 quac
750 1309 778 1356 et
797 1304 996 1371 compositioni
1012 1305 1163 1359 conciliare
1178 1307 1291 1359 studue-

188 1373 281 1441 primo
291 1372 429 1439 adspectu
439 1372 558 1439 videtur,
568 1371 730 1440 neutiquam
749 1372 793 1438 rit,
801 1373 1292 1443 quandoquidema1·gumento,quod

189 1449 234 1495 est
244 1440 376 1507 fortuita,
396 1440 447 1493 sed
461 1441 587 1494 studiose
602 1441 731 1509 quaesita
750 1440 927 1493 tractandum
947 1442 1058 1509 sumsit,
1086 1449 1114 1494 et
1133 1459 1291 1495 sermonum

188 1508 377 1628 sollerterque
387 1515 531 1577 usurpata.
555 1508 589 1561 Id
600 1509 731 1577 quodvel
749 1508 868 1563 formam
886 1509 1028 1575 adhibuit,
1056 1516 1084 1564 et
1102 1510 1290 1565 urbanitatem

188 1594 224 1629 ex
235 1592 270 1629 eo
281 1576 327 1630 col
339 1576 378 1645 igi
388 1577 463 1644 licet,
475 1576 729 1697 quodffioetaLuci·
750 1575 925 1631 Socraticam
952 1577 1089 1646 admovit,
1127 1586 1156 1632 et
1178 1579 1290 1633 dicendi

188 1645 267 1723 lium,
283 1645 409 1715 quamvis
419 1644 444 1698 is
454 1645 551 1713 etipse
582 1645 730 1698 exametris
750 1662 838 1713 genus
857 1646 978 1700 medium
1002 1646 1075 1699 inter
1097 1647 1242 1715 vulgarem
1262 1654 1292 1701 et

187 1712 435 1793 passrmversibus
445 1730 514 1766 usus
528 1719 617 1778 esset,
636 1718 729 1766 tamen
750 1714 940 1768 sublimiorem
955 1714 1107 1767 dictionem
1122 1723 1290 1785 attempera-

187 1781 344 1834 rdentidem
359 1788 476 1850 propter
489 1798 667 1834 numerorum
682 1782 729 1833 du·
750 1782 790 1834 vit
803 1788 832 1835 et
845 1783 995 1835 verborum
1006 1783 1193 1837 elocutionem
1204 1791 1289 1853 atque

187 1849 282 1903 ritiem
300 1854 330 1903 et
347 1850 529 1919 asperitatem
547 1849 672 1919 graviter
689 1867 730 1903 re·
750 1867 879 1904 versuum
905 1868 1038 1904 numeros
1065 1851 1105 1904 illi
1137 1853 1290 1920 prudenter

187 1916 366 1987 prehenditl
406 1918 542 1971 Nimirum
559 1918 649 1986 probe
668 1935 729 1986 pcr-
749 1918 909 1987 adaptavit3
927 1924 985 1971 tum
1000 1918 1095 1972 divina
1134 1921 1236 1973 uadem
1250 1920 1290 1972 in·

188 1985 729 2053 spexeratfloratius,versumhcxame-
748 1986 825 2055 genii
836 1987 971 2053 sollertia,
987 1937 1190 2056 quacxceiluit,
1206 1988 1290 2057 inpri-

188 2062 273 2121 trum,
294 2054 342 2124 qui
357 2054 478 2108 haberet
495 2056 629 2108 maiorem
643 2072 729 2124 quan·
748 2055 800 2107 mis
819 2054 1069 2109 animadvertenda
1091 2057 1180 2109 estin
1198 2056 1244 2109 via
1262 2063 1291 2109 et

187 2124 254 2176 dam
317 2122 444 2190 vitatem,
463 2140 576 2192 proauo
588 2122 730 2176 scribendi
748 2123 871 2189 ratione,
893 2139 1023 2243 quares,
1043 2140 1112 2192 quas
1126 2125 1290 2178 tractandas

188 2191 270 2244 consi
282 2191 309 2245 io
320 2191 357 2243 ad
370 2208 433 2245 eam
445 2191 611 2245 facilitatem
626 2197 729 2261 tempe·
749 2209 832 2245 susce
854 2192 888 2258 it,
919 2192 1091 2259 isputatione
1102 2198 1289 2261 persequutus

187 2260 308 2313 rendum
322 2276 399 2327 esse,
418 2276 490 2330 quae
509 2259 634 2314 ludentis
648 2259 729 2328 quasi
749 2266 800 2314 est.
829 2209 900 2313 dunt
918 2260 991 2313 enim
1011 2260 1114 2314 satirae
1132 2259 1221 2327 ipsius
1235 2260 1290 2313 hoe

188 2327 314 2407 speciem
332 2327 452 2381 referret
470 2328 602 2382 familiari
626 2344 729 2381 sermo·
749 2345 863 2397 quoque
873 2328 1090 2382 nominerevera
1100 2345 1242 2383 sermones
1252 2330 1290 2382 ad

188 2394 324 2449 crnationi
339 2402 446 2465 aptam,
466 2397 516 2450 sed
530 2396 571 2449 ita
585 2413 647 2450 csse
662 2401 729 2448 tem·
747 2396 837 2476 ipsius
847 2396 921 2449 vitae
932 2396 1141 2451 similitudinem
1152 2398 1238 2467 quani
1251 2397 1290 2450 di·
1343 2402 1346 2408 '

186 2465 354 2585 gerandum,
365 2464 434 2517 utin
444 2464 572 2532 maxima,
587 2482 672 2534 quam
681 2464 729 2518 ha·
747 2464 933 2534 ligentissime
952 2481 985 2518 ex
1008 2465 1085 2519 ressi.
1118 2466 1190 2520 Nam
1213 2467 1290 2536 quod

209 2549 257 2586 ere
276 2532 427 2600 videretur,
446 2533 548 2587 inertia
564 2540 659 2586 tamen
675 2534 729 2585 sol·
747 2533 776 2586 in
799 2532 975 2586 sermocinan
998 2551 1013 2587 o
1032 2533 1093 2587 fieri
1111 2534 1232 2602 assolet,
1259 2540 1291 2587 ut

186 2601 276 2653 lerter
298 2600 407 2670 artique
431 2601 631 2655 convenienter
654 2608 731 2654 essct
748 2601 838 2655 oratio
854 2601 985 2655 liberiore
1005 2618 1088 2655 cursu
1106 2609 1224 2671 repente
1234 2602 1290 2655 huc

187 2669 372 2737 compositus.
396 2669 586 2733 Quamobrem
599 2669 729 2722 versibus
748 2676 777 2723 et
786 2669 853 2722 illuc
863 2669 982 2736 feratur,
1000 2671 1192 2738 utimproviso
1204 2688 1289 2740 saepe

188 2736 249 2790 suis
265 2754 333 2790 sane
347 2737 480 2791 maiorem
495 2738 637 2792 concessit
646 2738 729 2791 liber·
748 2739 785 2791 ab
809 2738 912 2792 aliare
932 2739 969 2792 ad
987 2738 1071 2792 aliam
1092 2745 1231 2805 transcat,
1257 2745 1289 2791 ut

185 2811 290 2873 tatem,
308 2811 435 2876 utquam
448 2806 476 2858 in
491 2807 566 2859 exitu
576 2823 672 2860 corum
682 2822 728 2859 vo·
748 2807 827 2859 nrillo
846 2805 902 2860 fine
921 2823 972 2874 pro
996 2807 1069 2860 osito
1089 2807 1145 2860 alia
1167 2807 1290 2875 attingat

187 2874 293 2928 cabula
311 2875 509 2944 monosyllaba
526 2874 651 2941 admisit,
679 2881 730 2927 aut
748 2875 859 2941 leviter,
883 2874 939 2928 alia
958 2824 1072 2928 uberius
1089 2882 1289 2945 persequatum

186 2942 358 3012 pronomina
377 2948 406 2997 et
425 2942 653 2996 coniunctionum
670 2942 728 2995 vin·
748 2942 915 2997 dexterrime
934 2942 1074 2995 Horatius
1101 2943 1176 2996 hunc
1200 2942 1290 3012 quoti-

188 3011 255 3064 cula
273 3010 377 3079 posuit,
399 3027 472 3080 quae
483 3014 520 3067 ad
531 3027 641 3063 versum
656 3010 728 3064 inse·
748 3010 826 3065 diani
835 3010 972 3063 sermonis
983 3027 1088 3063 morem
1097 3010 1290 3064 insatirissuis

189 3084 321 3148 quentem
331 3079 487 3147 pertinent,
506 3095 592 3148 quum
606 3078 729 3132 elisioni-
748 3080 873 3133 imitatus
893 3084 945 3132 est.
976 3078 1059 3141 Quod
1078 3077 1192 3147 quidem
1209 3083 1289 3131 tanto

189 3148 242 3201 bns
257 3164 326 3199 usus
341 3153 427 3202 estet
441 3146 631 3201 crebrioribus
645 3149 728 3200 etin·
748 3148 818 3201 fecit
828 3146 993 3215 speciosius,
1001 3148 1078 3215 quod
1088 3146 1193 3214 passim
1203 3145 1291 3198 utitur

190 3214 405 3282 solentioribus3
426 3232 511 3285 quum
524 3216 612 3284 pedes
623 3216 727 3285 delegit
748 3215 832 3269 etiam
844 3214 986 3281 diverbiis,
998 3213 1139 3294 apologis,
1153 3214 1289 3283 parodiis,

191 3283 297 3336 tardius
315 3283 494 3350 incedentes,
512 3290 544 3336 ut
563 3285 728 3352 spondeum,
748 3281 955 3337 aliiscrationis
966 3283 1289 3352 conversionibus,quae

192 3351 323 3421 dactylici
333 3352 487 3410 hexametri
497 3369 568 3406 sono
582 3354 729 3423 neglecto,
747 3351 822 3406 vitae
843 3350 996 3404 communis
1015 3351 1078 3403 usui
1096 3358 1126 3405 et
1143 3358 1290 3404 consuetu-

193 3436 275 3490 prum
293 3437 425 3474 caesuras
447 3421 578 3474 licentius
596 3421 729 3487 variavit;
749 3420 808 3473 dini
824 3418 1004 3473 conveniunt.
1027 3419 1165 3477 Nimirum
1178 3419 1290 3479 istara-

193 3506 272 3558 quum
279 3488 400 3559 denique
407 3490 728 3542 numerorumcolorum-
749 3488 826 3542 tione
841 3486 1022 3542 callidissime
1037 3488 1121 3541 etiam
1134 3488 1188 3541 hoc
1203 3487 1232 3539 in
1242 3504 1290 3556 gc—

195 3573 243 3627 pre
253 3556 415 3611 inusitatam
441 3557 564 3610 uandam
574 3557 728 3627 inaequali·
748 3573 815 3609 nere
826 3556 936 3624 priscae
947 3556 1064 3625 satirae,
1080 3558 1193 3627 qualem
1204 3573 1289 3624 supra

195 3626 417 3679 atemadhibuit.
459 3625 729 3679 imirumistaomnia
748 3625 990 3693 adumbravimus,
1011 3626 1190 3680 conservavit
1207 3624 1289 3678 uesti-

196 3692 729 3747 rermonumratiovitaecommunisset·
748 3693 804 3763 gia,
819 3700 859 3761 ut,
875 3710 931 3762 quo
941 3693 1001 3747 iure
1012 3694 1083 3747 haec
1092 3700 1225 3762 poemata
1239 3710 1290 3745 sua

197 3760 370 3815 nocinationi
379 3763 498 3831 propior
507 3763 662 3831 postulare,
673 3763 728 3815 imo
749 3763 895 3815 satirarum
914 3761 1026 3814 nomine
1041 3762 1176 3841 insignire
1191 3767 1290 3830 potue-

198 3829 272 3882 rtiam
283 3829 411 3899 flagitare
422 3831 484 3884 visa
493 3837 549 3898 cst,
570 3831 621 3885 sed
630 3830 731 3884 vitavit
748 3830 792 3897 rit,
804 3829 1040 3899 quemadmodum
1050 3830 1119 3882 fecit
1129 3829 1211 3882 Satir.
1222 3827 1289 3880 11.1.

198 3897 300 3952 »mnino
315 3899 493 3953 temerariam
511 3900 728 3970 negligentiam,
748 3897 1011 3952 1.etsat.11.6.17.
1025 3897 1104 3950 nullo
1119 3896 1235 3964 negotio
1249 3895 1289 3947 in·

199 3966 287 4020 itavit
295 3971 405 4035 turpem
414 3968 613 4038 horridamque
624 3968 728 4037 asperi-
747 3966 902 4036 telligatur,
938 3965 977 4018 At
995 3965 1069 4020 enim
1087 3981 1153 4017 vero
1173 3961 1288 4039 multum

200 4039 286 4102 atem,
309 4034 410 4088 vitavit
430 4036 567 4105 denique,
592 4036 659 4116 quid
680 4036 729 4089 uid
748 4035 876 4103 profecto
887 4034 1010 4100 fallatur,
1023 4033 1047 4086 si
1057 4032 1120 4102 quis
1131 4032 1205 4083 hanc
1214 4034 1288 4081 vitae

202 4118 240 4156 ua
257 4108 351 4156 aetate
366 4103 529 4157 hominibus
539 4054 728 4173 ‘polrtioribus
748 4101 902 4155 communis
915 4101 1099 4154 imitationem
1113 4103 1173 4152 arte
1192 4111 1288 4150 carcre

203 4188 286 4223 ,urum
296 4176 326 4224 et
334 4170 556 4252 incompositum
566 4172 655 4251 videri
664 4189 728 4241 pos·
747 4169 895 4223 existimet.
914 4168 974 4221 Imo
985 4168 1075 4221 habet
1083 4184 1118 4220 ea
1127 4166 1214 4219 multo
1223 4163 1288 4234 plus

202 4244 243 4307 Εἴ)
270 4246 315 4307 uti
344 4256 471 4320 quamyffl
489 4256 551 4319 lppe
572 4256 662 4318 pnmq
681 4240 727 4292 ad'
744 4249 941 4314 mis
955 4274 1066 4311 satirarum
1079 4272 1163 4310 Horatii
1182 4270 1288 4310 subtiliter

203 4313 288 4377 pflssill
306 4308 465 4376 elegantiae
489 4326 581 4361 manS
600 4324 727 4362 curiosus
747 4329 894 4375 exposuerunt
908 4322 1063 4374 llorpenstern.
1086 4324 1210 4362 DeSatlrue
1224 4326 1287 4371 atque

746 4378 857 4427 Eplstclae
879 4377 954 4415 Horat.
978 4376 1101 4414 discrimine
1124 4385 1145 4424 p.
1160 4376 1241 4423 aosqq.
1265 4378 1286 4413 ct

210 4432 223 4469 1
237 4428 315 4469 utera
325 4431 343 4468 1.
353 4432 373 4478 4,
383 4432 403 4469 8.
413 4431 431 4469 Ι.
441 4433 473 4479 10,
488 4433 518 4471 ln.
529 4431 565 4470 ubt
579 4431 638 4470 illius
651 4440 727 4469 versus
747 4428 860 4469 lle-maer.
878 4428 948 4466 Praer.
964 4427 990 4465 ad
1004 4427 1079 4466 Horat.
1096 4428 1157 4467 satlr.
1169 4427 1217 4465 Vol.
1228 4426 1245 4465 l.
1264 4436 1284 4474 p.

205 4480 328 4530 cammaro
346 4481 401 4532 pede
419 4493 508 4524 camere
526 4483 651 4527 arbitratum
674 4481 725 4520 lbid.
745 4481 867 4530 xcv-sqq,
883 4482 943 4518 cuius
958 4479 1028 4527 operis
1043 4479 1131 4519 alteram
1146 4483 1226 4527 partem
1242 4487 1284 4515 mc-

207 4534 301 4581 eamq.
744 4534 803 4572 xlmo
814 4531 919 4571 desiderio
929 4535 1086 4579 exspectamus.
