3225 5442
547 716 755 774 CARMINUM
772 717 847 771 LIB.
861 718 883 771 1.

302 880 372 963 quis
390 877 528 941 Martem
546 875 650 939 tunica
668 883 784 939 tectum
802 874 1001 938 adamantina

306 975 399 1060 digne
418 970 589 1055 scripserit,
609 978 662 1033 aut
679 969 808 1054 pulvere
827 969 941 1035 Troico

306 1063 627 1154 nigrum-Merionen,
646 1073 700 1127 aut
717 1085 777 1147 ope
795 1062 934 1128 Palladis
1006 1061 1009 1066 ‘

348 1160 493 1246 Tydiden
512 1158 632 1242 superis
650 1157 776 1242 parem?

304 1298 370 1362 Nos
390 1295 547 1372 semivia,
565 1317 623 1358 nos
641 1293 759 1380 proelia
777 1292 933 1379 virginum

306 1391 397 1455 sectis
416 1391 449 1453 in
465 1392 594 1453 iuvenes
612 1387 770 1473 unguibus
789 1388 908 1451 acrium

306 1494 467 1548 cantamus
485 1482 590 1559 vacui,
609 1484 676 1547 sive
694 1481 770 1565 quid
789 1482 915 1559 urimur,

346 1602 409 1642 non
426 1586 549 1663 praeter
566 1577 692 1641 solitum
709 1577 804 1641 leves.

564 1806 762 1867 CARMEN
783 1805 860 1864 VII.

466 1951 519 1998 nn
538 1949 743 2000 cinnamon
760 1948 952 2000 erraneum.

256 2077 430 2142 raudabunt
448 2076 500 2140 alii
518 2077 633 2140 claram
651 2076 787 2141 Rhodon
805 2086 859 2140 aut
876 2076 1052 2161 Mitylenen

282 2183 335 2235 aut
352 2171 518 2255 Ephesum
535 2169 702 2235 bimarisve
722 2169 866 2234 Corinthi
1185 2231 1188 2238 .

256 2266 362 2329 noenia
379 2264 431 2329 vel
447 2264 573 2329 Baccho
592 2263 719 2328 Thebas
737 2264 788 2327 vel
805 2263 954 2348 Apolline
971 2264 1115 2349 Delphos

280 2359 419 2445 insignes
438 2369 491 2423 aut
509 2358 664 2423 Thessala
681 2358 812 2443 Tempe.

256 2504 311 2558 unt
329 2495 442 2578 quibus
461 2518 558 2558 unum
577 2517 656 2579 opus
675 2504 723 2559 cst
741 2495 876 2559 intactae
894 2494 1033 2559 Palladis
1051 2495 1161 2559 urbem
1241 2518 1257 2563 5

281 2589 417 2653 carmine
434 2599 584 2673 perpetuo
603 2587 759 2653 celebrare
778 2600 809 2654 et

258 2683 374 2766 ndique
392 2684 570 2767 decerptam
587 2683 683 2747 fronti
699 2705 891 2768 praeponere
909 2684 1033 2748 olivam.

279 2777 432 2861 plurimus
450 2778 483 2840 in
499 2776 631 2842 Iunonis
650 2777 799 2841 honorem
880 2810 884 2820 ·

257 2921 345 2998 ptum
364 2913 446 2976 dicet
463 2912 552 2996 equis
570 2910 677 2998 Argos
696 2913 838 2995 ditesque
856 2912 1019 2998 Mycenas.

279 3030 330 3071 mc
347 3030 405 3071 nec
423 3017 487 3072 tam
503 3008 626 3093 patiens
644 3008 867 3073 Lacedaemon

258 3123 295 3165 eo
312 3111 376 3164 tam
393 3101 543 3166 Larissae
561 3103 716 3186 percussit
734 3125 864 3187 campus
883 3102 1014 3188 opimae,

279 3217 373 3280 quarn
391 3196 503 3261 domus
520 3194 687 3285 Albuneae
704 3198 879 3262 resonantis

258 3345 268 3398 t
285 3356 435 3422 praeceps
453 3332 538 3397 Anio
557 3357 594 3398 ao
612 3335 745 3399 Tiburni
763 3335 852 3399 lucus
871 3344 902 3398 et
919 3334 982 3397 uda

277 3425 445 3492 mobilibus
462 3428 603 3512 pomaria
620 3429 705 3493 rivis.

258 3520 326 3585 lbus
344 3531 380 3584 ut
397 3521 532 3590 obscuro
550 3523 692 3609 deterget
709 3521 817 3587 nubila
835 3521 921 3587 caelo

279 3636 373 3699 saepe
394 3615 497 3680 Notus
514 3638 617 3700 neque
634 3617 765 3701 parturit
784 3617 899 3682 imbres

259 3760 417 3835 erpetuos,
437 3753 482 3817 sic
501 3762 535 3817 tu
554 3754 678 3839 sapiens
696 3754 785 3817 finire
803 3764 959 3818 memento

277 3846 434 3910 tristitiam
452 3848 596 3930 vitaeque
613 3847 737 3912 labores

259 3939 336 4015 rolli,
354 3939 487 4016 Plance,
507 3963 607 4017 mero,
627 3963 683 4005 seu
701 3951 731 4005 te
749 3941 903 4026 fulgentia
921 3940 1019 4026 signis

277 4044 380 4097 eastra
397 4044 503 4098 tenent
522 4057 578 4098 seu
596 4035 694 4098 densa
711 4035 828 4099 tenebit

259 4166 362 4232 iburis
380 4169 493 4233 umbra
511 4170 564 4234 tui.
584 4171 708 4235 Teucer
726 4169 888 4235 Salamina
904 4179 1087 4254 patremque

276 4281 374 4344 quum
392 4263 529 4348 fugeret,
548 4274 652 4329 tamen
669 4266 733 4327 uda
749 4266 861 4347 Lyaeo

260 4377 375 4439 tmpora
390 4358 527 4442 populea
544 4359 648 4422 fertur'
659 4359 799 4422 vinxisse
817 4379 940 4432 corona,

278 4449 323 4513 sic
340 4452 444 4516 tristes
463 4453 577 4517 affatus
596 4454 726 4518 amicos:
