3225 5442
538 737 763 797 SATIRARUM
780 741 854 795 LIB.
868 741 891 796 Ι.

195 904 224 968 si
243 922 345 985 neque
363 899 525 966 avaritiam
543 919 645 980 neque
663 898 771 963 sordes
790 920 827 962 ac
845 899 928 964 mala
944 899 1043 963 lustra

195 996 323 1061 obiiciet
339 1016 413 1058 vere
431 994 598 1077 quisquam
615 991 706 1069 mihi3
725 1014 822 1076 purus
841 1003 872 1057 et
889 994 1008 1071 insons,

193 1102 231 1155 ut
250 1112 300 1153 me
318 1089 508 1165 collaudem,
528 1088 555 1152 si
573 1096 604 1151 et
621 1087 695 1151 vivo
713 1110 803 1152 carus
823 1088 947 1167 amicis;

194 1208 310 1250 caussa
327 1184 388 1248 fuit
404 1193 494 1269 pater
510 1183 575 1260 his,
595 1183 648 1265 qui
667 1205 771 1247 macro
789 1205 910 1269 pauper
927 1184 1030 1270 agello

193 1279 296 1344 noluit
313 1279 346 1342 in
363 1278 455 1343 Flavi
472 1277 583 1341 ludum
599 1299 651 1341 me
669 1278 805 1354 mittere,
825 1278 933 1363 magni

193 1396 260 1457 quo
277 1372 366 1458 pueri
383 1371 508 1457 magnis
526 1394 544 1435 e
562 1370 796 1435 centurionibus
815 1372 883 1449 orti,

193 1469 288 1532 laevo
306 1468 451 1552 suspensi
468 1464 588 1530 loculos
607 1465 808 1548 tabulamque
826 1467 952 1544 lacerto,

193 1561 285 1627 ibant
302 1561 422 1647 octonis
440 1560 610 1625 referentes
628 1559 740 1624 Idibus
758 1583 845 1638 aera;

196 1656 256 1720 sed
272 1677 404 1740 puerum
423 1663 472 1718 est
489 1677 586 1719 ausus
604 1654 741 1718 Romam
758 1663 883 1738 portare
901 1655 1078 1720 docendum

195 1758 294 1827 artes,
313 1771 392 1832 quas
411 1749 523 1813 doceat
539 1748 642 1832 quivis
661 1769 757 1830 eques
777 1756 871 1831 atquc
890 1758 1015 1813 senator

196 1851 298 1907 semet
314 1852 495 1929 prognatos.
513 1850 634 1906 vestem
653 1864 825 1925 servosque
843 1853 1009 1926 sequentes

194 1936 230 2000 in
247 1958 363 2022 magno
377 1945 416 1999 'ut
432 1934 550 2021 populo
569 1936 596 1999 si
614 1935 684 2018 quis
702 1936 847 2013 vidisset,
867 1937 952 2000 avita

195 2052 239 2094 ex
254 2052 288 2094 re
305 2029 448 2115 praeberi
467 2039 588 2093 sumtus
606 2029 684 2092 mihi
702 2030 840 2094 crederet
859 2030 938 2095 illos.

196 2124 266 2209 ipse
284 2124 360 2187 mihi
378 2134 484 2189 custos
501 2123 788 2208 incorruptissimus
807 2147 916 2189 omnes

197 2218 316 2281 circum
334 2218 476 2282 doctores
495 2218 611 2282 aderat.
631 2217 707 2300 quid
724 2218 842 2282 multa?
859 2218 1018 2303 pudicum,

196 2313 253 2395 qui
269 2313 388 2399 primus
406 2313 529 2377 virtutis
547 2312 662 2390 honos,
682 2314 819 2377 servavit
837 2313 876 2378 ab
895 2316 981 2379 omni

196 2430 263 2472 non
281 2407 382 2472 solum
400 2407 498 2485 facto,
518 2430 628 2471 verum
646 2407 815 2493 opprobrio
833 2432 958 2493 quoque
976 2410 1073 2495 turpi3

197 2524 257 2566 nec
275 2502 377 2565 timuit
394 2502 455 2567 sibi
472 2524 512 2566 ne
529 2502 606 2566 vitio
624 2504 695 2586 quis
713 2513 861 2579 verteret,
881 2505 956 2568 olim
1248 2523 1280 2570 85

148 2589 150 2594 ’
199 2597 227 2661 si
243 2619 357 2681 praeco
374 2619 489 2681 parvas
507 2605 576 2674 aut,
595 2608 630 2660 ut
647 2597 708 2660 fuit
724 2598 808 2683 ipse,
828 2609 952 2663 coactor

197 2691 358 2755 mercedes
374 2712 533 2774 sequerer3
552 2714 654 2774 neque
668 2713 727 2778 ego
741 2715 845 2757 essem
859 2703 999 2776 questus.
1019 2703 1052 2757 at
1068 2692 1128 2756 hoc
1146 2714 1229 2756 nunc

197 2785 267 2849 laus
285 2784 330 2848 illi
348 2783 480 2849 debetur
496 2794 528 2849 et
546 2808 565 2849 a
581 2808 633 2849 me
650 2786 752 2871 gratia
769 2788 877 2851 maior.

197 2879 242 2943 nil
260 2901 311 2942 me
328 2878 486 2963 poeniteat
504 2902 616 2943 sanum
633 2880 731 2965 patris
750 2880 858 2959 huius;
877 2903 977 2965 eoque

197 2996 276 3050 non,
295 2983 330 3037 ut
346 2996 463 3059 magna
480 2973 553 3038 dolo
571 2973 690 3038 factum
707 2985 804 3062 negat
822 2998 893 3040 esse
912 2999 969 3039 suo
987 2999 1070 3061 pars,

196 3067 284 3152 quod
300 3090 364 3131 non
381 3067 535 3153 ingenuos
554 3068 668 3133 habeat
687 3070 850 3153 clarosque
868 3079 1023 3155 parentes,

198 3162 244 3225 sic
263 3183 314 3224 mc
332 3160 511 3226 defendam.
530 3162 624 3247 longe
642 3185 713 3227 mea
730 3163 888 3249 discrepat
904 3164 973 3227 istis

197 3265 230 3319 et
248 3278 310 3319 vox
328 3263 359 3318 et
376 3254 465 3319 ratio.
483 3279 558 3323 nam
576 3256 603 3320 si
620 3267 732 3322 natura
749 3258 872 3322 iuberet

197 3346 328 3414 a'certis
346 3350 436 3414 annis
455 3372 569 3414 aevum
586 3373 726 3416 remeare
743 3361 916 3437 peractum,

197 3452 293 3525 atque
311 3442 389 3507 alios
405 3442 511 3529 legere
529 3444 571 3507 ad
588 3444 706 3509 fastum
724 3464 941 3529 quoscumque
958 3455 1118 3530 parentes:

197 3546 320 3621 optaret
338 3535 399 3601 sibi
416 3537 549 3621 quisque
555 3562 564 3615 3
583 3539 661 3603 meis
680 3549 845 3604 contentus
862 3540 1012 3604 honestos

197 3628 339 3694 fascibus
358 3639 390 3693 et
407 3631 491 3695 sellis
509 3632 626 3696 nollem
644 3633 721 3697 mihi
739 3657 877 3711 sumere,
896 3636 1025 3699 demens

197 3722 315 3787 iudicio
332 3723 434 3809 vulgi,
453 3748 549 3789 sanus
567 3726 702 3791 fortasse
720 3736 788 3805 tuo,
808 3729 893 3811 quod

196 3816 313 3881 nollem
332 3838 411 3881 onus
429 3817 516 3882 hand
533 3842 672 3903 unquam
691 3821 801 3893 solitus
821 3832 945 3907 portare
963 3822 1139 3886 molestum.

196 3934 272 3974 nam
289 3909 367 3973 mihi
384 3912 530 3978 continuo
548 3913 647 3978 maior
664 3918 844 3998 quaerenda
861 3916 942 3980 foret
959 3938 1008 3979 res

196 4014 292 4089 atque
311 4006 467 4072 salutandi
484 4009 590 4094 plures
596 4034 605 4088 3
625 4011 787 4076 ducendus
806 4020 838 4075 et
854 4034 935 4075 unus

197 4108 229 4163 et
248 4121 353 4165 comes
372 4101 463 4180 alter,
481 4104 528 4167 uti
545 4126 585 4167 ne
604 4104 690 4169 solus
707 4128 802 4169 rusve
820 4126 991 4190 peregreve

198 4192 316 4256 exirem
322 4218 331 4272 3
348 4195 456 4279 plures
479 4197 604 4262 calones
623 4206 717 4282 atque
736 4197 849 4262 caballi

196 4287 348 4370 pascendi
354 4311 363 4366 3
382 4288 527 4355 ducenda
542 4292 701 4377 petonita.
719 4314 803 4356 nunc
821 4292 898 4355 mihi
916 4301 1004 4355 curto

196 4381 242 4445 ire
260 4380 333 4445 licet
349 4383 437 4449 mulo
453 4385 519 4464 vel,
539 4387 566 4451 si
582 4386 673 4465 libet,
692 4408 793 4471 usque
812 4386 994 4464 Tarentum,

197 4474 335 4541 mantica
353 4478 404 4542 cui
421 4478 546 4546 lumbos
565 4502 659 4546 onere
676 4481 794 4546 ulceret
812 4492 906 4565 atque
924 4503 1020 4565 eques
1039 4500 1151 4544 armos.
