3225 5442
483 727 690 785 OARMINUM
708 728 783 783 LlB.
797 730 849 784 111.

260 911 316 954 seu
335 886 458 954 Graeco
476 885 585 951 iubeas
604 886 721 961 trocho,

303 1006 359 1048 seu
376 982 467 1046 maiis
485 980 582 1045 vetita
598 979 722 1065 legibus
740 980 819 1057 alea,

259 1100 356 1161 quum
373 1076 497 1161 periura
513 1074 610 1158 patris
628 1074 707 1137 fides

302 1180 476 1235 consortem
497 1168 616 1233 socium
635 1167 723 1231 fallat
741 1175 773 1231 et
789 1166 930 1251 hospites

258 1324 448 1410 indignoque
466 1320 629 1406 pecuniam

301 1418 408 1483 heredi
423 1425 577 1501 properet.
597 1413 715 1501 scilicet
731 1414 893 1498 improbae

260 1521 402 1576 crescunt
419 1510 559 1586 divitiae,
578 1517 683 1572 tamen
701 1555 714 1579 ,

301 1617 406 1671 curtae
423 1604 530 1671 nescio
548 1603 623 1686 quid
643 1625 767 1687 semper
784 1602 874 1667 abest
890 1603 944 1667 rei.
983 1625 987 1632 ·

500 1907 699 1969 CARMEN
720 1905 827 1965 XXV.

462 2058 866 2107 nnnnccnuu

259 2204 331 2286 Quo
348 2224 413 2280 me,
432 2200 571 2278 Bacche,
590 2201 674 2285 rapis
693 2201 738 2264 tui

300 2297 446 2383 plenum?
463 2317 543 2378 quae
561 2316 689 2359 nemora
706 2303 761 2357 aut
778 2316 857 2377 quos
876 2316 954 2380 agor
970 2295 1003 2358 in
1021 2316 1134 2379 specus

258 2392 349 2456 velox
366 2400 469 2456 mente
487 2389 588 2455 nova?
605 2387 720 2473 quibus

301 2486 396 2551 antris
415 2484 533 2570 egregii
552 2482 699 2548 Caesaris
717 2482 827 2546 audiar

260 2649 419 2704 aeternum
437 2638 592 2701 meditans
611 2637 707 2701 decus

301 2732 397 2798 stellis
415 2733 551 2796 inserere
569 2740 600 2795 et
618 2730 748 2795 consilio
765 2730 872 2795 Iovis?

256 2827 358 2891 dicam
375 2826 512 2912 insigne,
530 2847 654 2902 recens,
674 2824 776 2889 adhuc

298 2921 448 2985 indictum
467 2942 520 2985 ore
538 2921 609 2985 alio.
627 2942 691 2985 non
708 2941 800 2986 secus
819 2920 851 2983 in
869 2919 951 3007 iugis

257 3076 415 3139 exsomnis
433 3084 538 3160 stupet
554 3073 664 3151 Evias,

299 3168 444 3234 Hebrum
461 3168 655 3253 prospiciens
674 3179 705 3231 et
722 3168 794 3231 nive
812 3167 976 3232 candidam

260 3262 404 3327 Thracen
422 3285 459 3326 ac
476 3261 556 3347 pede
574 3261 707 3327 barbaro

298 3357 461 3421 lustratam
478 3355 669 3441 Rhodopen,
687 3364 723 3419 ut
740 3355 817 3418 mihi
835 3354 926 3419 devio

256 3511 340 3595 ripas
358 3520 390 3575 et
406 3532 541 3575 vacuum
559 3532 670 3575 nemus

299 3606 403 3669 mirari
420 3604 511 3669 libati
529 3627 549 3669 o
566 3604 723 3668 Naiadum
739 3613 861 3688 potens,

222 3695 224 3700 ’
257 3700 515 3782 Baccharumque
533 3698 704 3763 valentium

298 3815 443 3877 proceras
462 3792 607 3858 manibus
625 3802 745 3856 vertere
763 3791 912 3869 fraxinos,

256 3945 300 4008 nil
317 3968 449 4030 parvum
467 3955 522 4010 aut
538 3945 649 4010 humili
666 3947 769 4025 mode,

298 4039 343 4103 nil
360 4039 489 4104 mortale
506 4040 625 4123 loquar.
645 4040 736 4105 dulce
752 4040 926 4125 periculum
945 4047 1001 4115 est,

257 4155 276 4196 o
293 4127 437 4211 Lenaee,
456 4134 545 4217 sequi
563 4134 657 4199 deum

299 4226 477 4313 cingentem
494 4227 586 4293 viridi
605 4237 745 4311 tempora
762 4227 919 4311 pampino.
