3225 5442
528 704 561 769 Q.
576 703 741 760 HORATII
754 704 895 761 FLACCI

363 861 474 924 doetus
493 859 624 945 sagittas
643 861 769 930 tendere
789 858 916 928 Sericas

363 977 438 1019 arcu
455 954 603 1039 patemo?
620 954 691 1037 quis
709 964 803 1041 neget
820 956 928 1022 arduis

404 1071 519 1135 pronos
538 1048 636 1115 relabi
651 1071 747 1134 posse
764 1050 850 1114 rivos

447 1142 606 1207 montibus
624 1152 656 1207 et
674 1142 815 1208 Tiberim
831 1147 957 1222 reverti,

361 1303 459 1364 quum
477 1289 511 1343 tu
529 1289 668 1344 coemtos
686 1281 825 1364 undique
842 1281 966 1347 nobiles

361 1373 457 1438 libros
475 1372 607 1437 Panaeti
626 1370 820 1439 Socraticam
838 1384 870 1439 et
887 1376 1021 1441 domum

404 1476 524 1531 mutare
542 1467 646 1532 loricis
664 1466 804 1546 Hiberis,

445 1562 603 1646 pollicitus
621 1562 763 1639 meliora,
782 1563 905 1627 tendis?

540 1822 871 1883 OARMENXXX.

503 1965 572 2014 An
609 1966 909 2017 vanarum.

362 2086 393 2155 Ο
412 2088 537 2165 Venus,
556 2091 665 2177 regina
684 2090 778 2156 Cnidi
795 2090 972 2177 Paphique,

361 2205 472 2269 sperne
491 2184 636 2249 dilectam
656 2185 800 2270 Cypron,
820 2195 851 2249 et
867 2187 1011 2251 vocantis

360 2278 449 2343 thure
468 2288 499 2342 te
516 2278 615 2343 multo
635 2276 790 2364 Glycerae
809 2281 954 2344 decoram

424 2372 559 2437 transfer
576 2372 609 2436 in
626 2374 746 2437 aedem.

360 2509 499 2573 fervidus
518 2519 621 2574 tecum
638 2532 716 2595 puer
734 2518 765 2573 et
783 2509 893 2574 solutis

361 2600 489 2668 Gratiae
506 2603 595 2667 zonis
613 2612 842 2688 properentque
859 2602 1027 2689 Nymphae

360 2706 391 2760 et
408 2719 518 2782 parum
537 2697 634 2761 comis
653 2698 721 2762 sine
739 2708 770 2762 tc
787 2696 938 2786 Iuventas

425 2790 676 2875 Mercuriusque.

531 3052 878 3113 CARMENXXXI.

487 3195 553 3243 An
583 3194 921 3246 aronnrnuru.

360 3318 447 3401 Quid
465 3319 643 3385 dedicatum
659 3321 762 3406 poscit
778 3312 960 3407 Apollinem

358 3414 466 3479 vates?
483 3415 560 3497 quid
577 3424 657 3491 orat,
678 3415 717 3479 de
734 3424 843 3499 patera
859 3438 978 3479 novum

401 3508 535 3573 fundens
553 3509 724 3593 liquorem?
741 3533 804 3574 non
822 3510 942 3594 opimas

446 3600 608 3666 Sardiniae
627 3612 749 3688 segetes
767 3602 895 3679 feracis3

358 3760 422 3801 non
439 3748 603 3803 aestuosae
621 3748 711 3824 grata
729 3738 895 3803 Calabriae

359 3841 512 3909 armenta3
531 3855 595 3897 non
612 3856 721 3897 aurum
740 3843 794 3897 aut
812 3832 889 3897 ebur
906 3832 1067 3909 lndicum;

401 3948 464 3990 non
481 3949 568 4002 rura,
587 3949 667 4011 quac
684 3927 771 3992 Liris
789 3928 895 4010 quieta

443 4020 565 4084 mordet
582 4043 677 4104 aqua,
696 4022 867 4086 taciturnus
886 4021 996 4085 amnis.

358 4158 501 4232 premant
519 4147 640 4213 Calena
655 4148 751 4226 falce,
770 4147 884 4233 quibus
903 4148 990 4213 dedit

359 4243 512 4320 Fortuna,
532 4244 641 4321 vitem,
660 4243 749 4309 dives
767 4254 798 4308 et
816 4243 918 4307 aureis

400 4346 554 4401 mercator
571 4337 706 4401 exsiccet
724 4336 847 4401 culullis

443 4430 517 4494 vina
535 4428 618 4516 Syra
634 4442 776 4517 reparata
794 4453 906 4507 merce,
