3225 5442
423 755 630 814 cARIIINIJM
647 755 721 811 LIB.
735 757 787 812 III.

442 1021 640 1084 OARIIEN
661 1021 769 1081 vaI.

373 1165 429 1213 An
453 1165 624 1217 ,aaaron
649 1164 838 1213 naman.

261 1289 336 1355 Aeli
353 1300 477 1355 vetusto
495 1289 609 1354 nobilis
628 1287 667 1354 ab
685 1292 803 1367 Lamo,
823 1328 865 1337 -

262 1386 386 1468 quando
404 1394 436 1449 ct
453 1385 571 1469 priores
589 1384 663 1448 hine
679 1384 811 1450 Lamias
830 1383 934 1448 ferunt

303 1479 517 1543 denominatos
536 1487 567 1541 et
583 1488 732 1563 nepotum

344 1593 401 1657 per
418 1594 572 1636 memores
590 1594 690 1658 genus
709 1593 801 1637 omne
820 1571 934 1647 fastos;

261 1718 385 1773 auctore
404 1707 444 1772 ab
462 1707 515 1772 illo
534 1708 623 1772 ducis
641 1708 803 1793 originem,

261 1803 315 1884 qui
331 1801 528 1866 Formiarum
548 1802 671 1866 moenia
689 1801 802 1866 dieitur

304 1897 449 1982 princeps
467 1906 500 1961 et
516 1897 676 1961 innantem
694 1896 835 1961 Maricae

344 1990 487 2055 litoribus
505 1990 643 2055 tenuisse
661 1990 763 2053 Lirim

260 2127 322 2191 late
340 2137 490 2212 tyrannus
508 2152 564 2204 —;
584 2149 653 2191 eras
673 2127 755 2191 foliis
774 2148 885 2190 nemus

261 2220 366 2285 multis
385 2230 416 2285 et
433 2220 506 2307 alga
523 2221 597 2285 litus
614 2220 716 2284 inutili

303 2313 440 2379 demissa
457 2324 627 2399 tempestas
645 2313 685 2378 ab
704 2313 791 2377 Euro

344 2417 473 2486 sternet,
493 2430 593 2492 aquae
610 2407 671 2473 nisi
688 2408 768 2471 saliit
785 2430 887 2493 augur

261 2569 379 2610 annosa
396 2546 513 2610 cornix.
532 2546 609 2610 dum
625 2545 723 2631 potis,
742 2544 864 2608 aridum
982 2561 984 2567 ’

259 2662 410 2725 compone
428 2640 563 2726 lignum3
582 2662 651 2704 cras
670 2636 807 2705 Genium
825 2660 911 2702 mero

301 2733 425 2798 curabis
443 2744 475 2797 et
491 2756 586 2819 porco
605 2733 746 2798 bimestri
912 2735 916 2745 ’

343 2849 416 2891 eum
433 2827 560 2892 famulis
579 2849 708 2912 operum
726 2826 846 2891 solutis.

430 3096 628 3157 CARMEN
648 3096 774 3156 XVIII.

415 3240 442 3288 A
460 3241 485 3289 n
529 3241 598 3290 na
616 3243 641 3293 o
660 3240 684 3289 n
705 3241 729 3290 n
747 3240 791 3287 M.

255 3363 379 3440 Fauna,
398 3364 617 3450 Nympharum
633 3365 813 3451 fugientum
831 3370 958 3438 amator,

257 3480 418 3542 permees
436 3458 515 3523 fines
534 3469 565 3523 et
582 3460 687 3545 aprica
704 3482 778 3523 rura

257 3552 335 3617 lenis
354 3553 481 3618 incedas
500 3553 657 3637 abeasque
674 3553 780 3638 parvis

321 3669 441 3729 aequus
460 3647 605 3725 alumnis,

257 3782 285 3846 si
302 3791 389 3846 tener
405 3783 498 3867 pleno
517 3783 601 3848 cadit
616 3783 737 3849 hoedus
756 3805 848 3860 anno,

255 3874 345 3961 larga
361 3898 420 3941 nee
438 3877 551 3941 desunt
569 3877 701 3943 Veneris
720 3877 820 3941 sodali

256 3969 330 4035 vina
347 3980 498 4049 craterae,
518 3979 609 4036 vetus
627 3995 683 4036 ara
699 3970 797 4035 multo

320 4063 420 4129 fumat
437 4065 541 4129 odore.
567 4080 572 4090 '

257 4198 338 4263 ludit
356 4200 491 4267 herboso
508 4224 606 4287 pecus
625 4223 718 4266 omne
736 4221 857 4283 campo,

255 4315 352 4376 quum
371 4294 427 4359 tibi
444 4295 554 4360 Nonae
571 4296 703 4360 redeunt
720 4292 929 4371 Decembrem

254 4386 355 4453 festus
374 4388 407 4452 in
423 4390 521 4474 pratis
539 4400 631 4454 vacat
649 4390 750 4454 otioso

319 4503 391 4546 eum
409 4482 490 4548 bove
508 4506 625 4570 pagus3
