3225 5442
321 711 381 777 182
648 717 682 783 Q.
697 714 862 785 HORATII
875 716 1025 773 FLACOI

252 904 300 950 los
317 883 357 945 dc
369 894 400 946 te
413 877 588 965 pendentis,
605 886 636 938 te
647 873 840 959 respicientis
858 874 965 939 amici

318 976 359 1040 ad
376 994 545 1039 summam:
564 968 690 1053 sapiens
708 967 892 1032 unominor
910 978 960 1032 est
978 968 1077 1047 Iove,
1097 971 1196 1050 dives,

317 1069 408 1143 liber,
428 1068 610 1138 honoratus,
627 1062 771 1148 pulcher,
788 1085 845 1125 rex
862 1062 1004 1145 denique
1022 1087 1151 1151 regum,

317 1162 482 1247 praecipue
500 1180 610 1233 sanus,
629 1156 690 1220 nisi
707 1178 804 1239 quum
821 1157 935 1241 pituita
952 1158 1095 1224 molesta
1113 1170 1173 1226 est

673 1355 923 1418 EPISTOLA
944 1360 995 1418 Π.

635 1502 704 1549 an
739 1499 1037 1553 nonnum,

318 1628 446 1694 Troiani
462 1628 537 1691 belli
556 1627 752 1710 scriptorem,
770 1626 906 1689 maxime
924 1627 1026 1705 Lolli,

317 1725 393 1787 dum
411 1734 445 1786 tu
463 1720 619 1785 declamas
637 1718 771 1797 Romae,
788 1718 960 1784 Praeneste
977 1721 1098 1809 relegi3

317 1817 466 1900 quiquid
484 1816 525 1879 sit
541 1813 716 1900 pulchrum,
734 1813 810 1896 quid
828 1823 931 1899 turpe,
951 1815 1033 1897 qnid
1051 1819 1149 1895 utile,
1169 1820 1243 1903 quid
1258 1842 1332 1892 noa.

317 1911 440 1995 plenius
459 1908 626 1973 aemelius
645 1906 825 1992 Chrysippo
843 1916 874 1971 et
892 1906 1053 1974 Crantore
1071 1911 1161 1977 dicit.

283 2027 299 2072 s
318 2028 373 2068 cur
390 2005 434 2067 ita
451 2002 649 2078 crediderim,
667 2002 729 2065 nisi
746 2002 823 2084 quid
840 2010 871 2065 te
888 2000 1034 2081 distinet,
1055 2008 1144 2070 audi.

317 2098 439 2172 fabula,
458 2119 521 2179 qua
538 2095 663 2159 Paridis
680 2105 808 2180 propter
824 2104 966 2159 narratur
983 2118 1133 2163 amorem

318 2190 453 2257 Graecia
470 2190 640 2278 Barbariae
657 2189 746 2253 lento'
760 2189 868 2253 collisa
884 2188 998 2267 duell0,

209 2289 212 2293 '
318 2285 483 2348 stultorum
501 2305 612 2368 regum
630 2292 662 2345 et
677 2283 865 2368 populorum
882 2284 1022 2347 continet
1040 2296 1164 2353 aestua.

235 2451 241 2461 ³
316 2378 460 2441 Antenor
477 2388 584 2440 censet
601 2376 676 2441 belli
691 2378 870 2462 praecidere
887 2399 1045 2443 caussam.

269 2493 300 2540 10
318 2471 403 2554 quod
419 2470 525 2547 Paris,
543 2479 580 2533 ut
601 2470 708 2535 salius
725 2479 836 2556 regnet
851 2470 999 2554 vivatque
1018 2471 1148 2552 beatus,

317 2566 388 2650 cogi
404 2585 498 2650 posse
516 2573 620 2649 negat.
642 2562 757 2628 Nestor
774 2587 959 2650 componere
977 2566 1051 2630 lites

315 2661 396 2723 inter
412 2658 544 2722 Peliden
561 2658 690 2722 festinat
707 2667 739 2723 ct
755 2658 836 2723 inter
853 2658 987 2723 Atriden
993 2684 1002 2738 3
1055 2707 1058 2713 .

316 2754 399 2817 hunc
417 2775 518 2827 amor,
537 2752 583 2814 ira
600 2752 727 2833 quidem
745 2754 950 2817 communiter
967 2754 1029 2817 urit
1049 2764 1232 2839 utrumque.

316 2846 470 2929 quidquid
487 2844 619 2908 delirant
636 2867 742 2930 reges,
760 2846 938 2931 plectuntur
955 2846 1085 2912 Achivi.
1105 2891 1108 2896 ·

267 2962 297 3007 15
317 2939 482 3013 seditione,
502 2938 596 3014 dolis,
616 2939 732 3015 scelere
750 2949 844 3023 atq'ue
862 2939 988 3005 libidine
1007 2950 1038 3005 et
1056 2942 1106 3007 ira

315 3033 429 3096 Iliacos
447 3033 528 3095 intra
545 3054 651 3101 muros
669 3044 820 3117 peccatur,
834 3045 865 3097 et
882 3044 978 3098 extra.

314 3150 422 3191 rursus
441 3126 516 3208 quid
536 3126 633 3189 virtus
652 3136 683 3190 et
699 3127 776 3209 quid
794 3128 946 3212 sapientia
962 3129 1075 3213 possit,

315 3222 389 3285 utile
407 3220 569 3305 proposuit
586 3220 676 3284 nobis
695 3222 855 3306 exemplar
872 3221 1009 3299 Ulixem,

314 3316 368 3397 qui
386 3315 520 3378 domitor
538 3314 651 3379 Troiae
670 3315 837 3379 multorum
855 3317 1004 3401 providus
1023 3316 1120 3383 urbes

264 3428 296 3474 20
315 3420 346 3471 et
363 3431 465 3472 mores
483 3409 646 3472 hominum
663 3409 813 3494 inspexit,
832 3409 991 3493 latumque
1008 3433 1066 3495 per
1085 3434 1216 3496 aequor,

314 3502 389 3563 dum
408 3501 481 3578 sibi,
501 3504 576 3565 dum
595 3502 688 3566 sociis
706 3502 839 3566 reditum
858 3516 960 3588 parat,
980 3526 1093 3588 aspera
1112 3507 1215 3571 multa

313 3595 452 3679 pertulit,
472 3596 612 3659 adversis
630 3619 733 3660 rerum
752 3597 971 3662 immersabilis
989 3599 1094 3662 undis.

315 3687 462 3752 Sirenum
479 3712 572 3753 voces
592 3700 622 3754 et
641 3689 751 3754 Circae
770 3692 883 3774 pocula
900 3692 995 3769 nosti3

313 3804 393 3864 quae
412 3783 528 3846 sicum
547 3784 639 3848 sociis
658 3784 772 3847 stultus
791 3786 984 3870 cupidusque
1004 3783 1148 3864 bibisset,

242 3915 246 3923 ·
262 3896 294 3942 25
314 3875 373 3940 sub
392 3877 518 3940 domina
535 3877 696 3941 meretrice
714 3878 827 3943 fuisset
845 3879 943 3965 turpis
962 3889 992 3942 et
1009 3900 1122 3944 excors

313 3971 444 4060 vixisset
462 3971 547 4036 canis
565 3972 745 4037 immundus
763 3974 815 4063 vel
833 3975 933 4038 amica
950 3974 1014 4038 luto
1034 3997 1098 4038 sus.

312 4087 370 4127 nos
388 4088 537 4128 numerus
556 4089 665 4131 sumus
684 4076 715 4131 et
732 4066 841 4153 fruges
860 4090 1043 4133 consumere
1061 4069 1137 4144 nati,

314 4158 421 4241 sponsi
439 4158 631 4245 Penelopae,
650 4160 838 4239 nebulones,
861 4161 1049 4244 Alcinoique

312 4252 344 4313 in
363 4263 433 4316 cute
452 4255 589 4317 curanda
605 4256 676 4339 plus
695 4278 796 4338 aequo
815 4267 943 4341 operata
959 4257 1115 4331 iuventus,

262 4361 294 4408 30
312 4347 363 4407 cui
380 4346 545 4428 pulchrum
563 4349 623 4412 fuit
640 4351 672 4413 in
690 4351 810 4415 medios
829 4352 963 4416 dormire
982 4352 1048 4415 dies
1067 4360 1099 4413 ct

312 4438 351 4499 ad
375 4438 537 4519 strepitum
555 4441 692 4508 citharae
709 4455 885 4509 cessantem
904 4446 1016 4509 ducere
1036 4467 1193 4518 somnum.

311 4537 346 4589 ut
363 4528 505 4612 iugulent
522 4533 694 4612 hominem,
715 4549 847 4624 surgunt
865 4539 904 4602 de
921 4549 1013 4603 nocte
1030 4538 1184 4614 latronem
