3225 5442
299 687 361 752 170
618 696 653 761 Q.
666 690 837 750 HORATII
849 690 999 748 FLAOCI

683 992 864 1054 SATIRA
885 992 948 1053 VI.

299 1140 372 1205 Hoc
390 1148 456 1204 erat
473 1137 505 1201 in
522 1136 618 1201 votis:
636 1135 749 1200 modus
767 1134 836 1221 agri
852 1133 981 1197 nonita
1000 1155 1154 1219 magnus,

299 1234 407 1299 hortus
425 1231 479 1296 ubi
497 1241 529 1295 ot
546 1240 628 1295 tecto
645 1229 768 1294 vicinus
785 1228 869 1314 iugis
887 1249 992 1310 aquae
1011 1226 1089 1293 fons

299 1341 330 1392 ot
346 1326 486 1413 paullum
505 1324 602 1389 silvae
621 1323 781 1408 superbis
799 1322 889 1386 foret.
905 1321 1038 1386 ‘auctius
1057 1331 1157 1405 atque

299 1422 332 1486 di
349 1420 459 1485 melius
477 1419 590 1483 fecere.
609 1418 689 1482 bene
707 1426 765 1482 est
783 1416 828 1480 nil
845 1416 981 1501 amplius
1001 1437 1072 1492 oro,

266 1538 281 1583 a
300 1515 388 1579 Maia
405 1524 491 1590 nate,
510 1512 571 1577 nisi
589 1522 624 1576 ut
642 1510 768 1596 propria
785 1510 864 1574 haec
881 1508 960 1573 mihi
976 1532 1117 1574 munera
1135 1508 1229 1574 saxis.
1267 1560 1270 1565 .

301 1609 328 1673 si
346 1630 448 1691 neque
466 1607 616 1671 maiorem
633 1606 696 1670 feci
713 1604 832 1670 ratione
850 1603 934 1668 mala
951 1626 1032 1681 rem,

300 1724 359 1766 nco
378 1724 447 1766 sum
466 1700 606 1765 facturus
624 1700 701 1764 vitio
719 1699 851 1783 culpave
867 1697 1041 1776 minorem,

302 1796 329 1860 si
346 1816 478 1860 veneror
495 1794 609 1858 stultus
627 1792 705 1857 nihil
722 1792 849 1857 horum:
869 1813 908 1871 „o
925 1790 955 1855 si
972 1790 1116 1877 angulus
1135 1792 1191 1855 ille

300 1889 462 1974 proximus
481 1888 623 1964 accedat,
642 1887 696 1970 qui
714 1908 798 1951 nunc
816 1885 979 1950 denormat
995 1885 1158 1971 agellum!

253 2005 284 2052 10
301 2006 320 2047 o
339 1983 367 2047 si
384 2006 495 2046 umam
513 1981 634 2068 argenti
650 1982 716 2045 fors
734 2002 816 2064 quae
833 1979 909 2043 mihi
927 1990 1101 2057 monstret,
1120 1989 1159 2045 ut
1175 1980 1231 2057 illi,

302 2076 447 2141 thesauro
466 2076 592 2140 invento
611 2075 666 2158 qui
683 2073 893 2139 mercenarius
912 2095 1026 2157 agrum

302 2169 389 2234 illum
407 2169 512 2254 ipsum
530 2178 686 2233 mercatus
704 2167 818 2245 aravit,
837 2166 924 2231 dives
942 2166 1048 2230 amico

302 2262 480 2328 Herculel“
501 2263 537 2341 si,
556 2263 641 2346 quod
654 2263 753 2339 adest,
771 2271 896 2348 gratum
910 2260 1012 2339 iuvat3
1030 2260 1096 2327 hae
1109 2284 1207 2347 prece
1224 2272 1254 2327 te
1270 2283 1324 2326 oro:

302 2358 419 2443 pingue
436 2379 533 2442 pecus
552 2356 679 2421 domino
696 2355 795 2421 facias
814 2364 845 2419 et
863 2364 965 2419 cetera
982 2365 1114 2440 praeter

254 2472 285 2519 15
302 2451 478 2537 ingenium,
498 2463 593 2534 utque
612 2449 694 2515 soles
713 2459 819 2515 custos
837 2449 914 2513 mihi
931 2450 1094 2515 maximus
1113 2450 1214 2515 adsis.-

304 2567 379 2630 ergo
397 2544 451 2609 ubi
469 2566 519 2608 me
536 2544 569 2608 in
587 2553 708 2608 montes
727 2552 759 2608 et
775 2544 809 2608 in
826 2565 930 2608 arcem
947 2563 987 2607 ex
1006 2542 1087 2608 urbe
1105 2545 1239 2622 removi,

304 2639 379 2722 quid
397 2638 483 2722 prius
501 2638 653 2702 illustrem
672 2637 774 2703 satiris
792 2636 951 2721 Musaque
968 2636 1135 2722 pedestri?

304 2754 362 2796 nec
380 2732 463 2795 mala
480 2753 530 2795 me
548 2731 676 2796 ambitio
695 2732 809 2817 perdit,
828 2753 887 2796 nec
903 2730 1073 2817 plumbeus
1092 2731 1226 2810 Auster,

305 2835 536 2908 autumnusque
554 2825 673 2911 gratis,
692 2824 853 2889 Libitinae
870 2833 1020 2908 quaestus
1039 2826 1188 2892 acerbae.

254 2939 287 2987 20
306 2918 462 2982 Matutine
481 2928 583 3003 pater,
603 2941 660 2983 seu
678 2919 754 2983 Iane
772 2918 919 2984 libentius
938 2918 1038 2996 audis,

306 3013 388 3076 unde
407 3012 549 3077 homines
567 3035 698 3097 operum
715 3013 833 3098 primos
850 3014 995 3095 vitaeque
1013 3011 1144 3079 labores

305 3106 484 3182 instituunt,
504 3106 550 3169 sic
567 3106 616 3170 dis
634 3105 800 3192 placitum,
818 3117 852 3171 tu
871 3106 1016 3172 carminis
1035 3116 1106 3171 esto

305 3200 501 3285 principium.
520 3200 640 3264 Romae
659 3223 844 3285 sponsorem
860 3223 910 3265 me
928 3200 1022 3286 rapis.
1041 3200 1101 3279 cia,

306 3316 345 3357 ne
363 3294 447 3378 prior
465 3293 569 3358 officio
587 3294 756 3377 quisquam
773 3295 975 3380 respondeat,
993 3317 1083 3380 urge.

256 3407 288 3456 25
307 3388 373 3452 sive
391 3387 509 3470 Aquilo
527 3387 608 3451 radit
626 3399 738 3466 terras,
758 3411 815 3453 scu
833 3389 943 3453 bruma
959 3388 1097 3452 nivalem

306 3481 450 3544 interiore
468 3481 551 3544 diem
568 3504 647 3567 gyro
666 3482 774 3560 trahit,
793 3483 838 3547 ire
854 3503 985 3547 necesse
1003 3490 1061 3545 est.

306 3574 487 3658 postmodo,
506 3576 590 3657 quod
609 3576 652 3639 mi
670 3575 766 3654 obsit,
785 3576 868 3641 clare
886 3584 1068 3658 certumque
1085 3575 1236 3659 loquut03

307 3666 488 3730 luctandum
505 3668 539 3731 in
556 3668 648 3734 turba
665 3679 696 3734 et
713 3670 858 3734 facienda
874 3669 987 3734 iniuria
1004 3669 1112 3733 tardis.

310 3759 404 3842 „quid
422 3761 484 3836 vis,
503 3761 626 3840 insane,
646 3773 677 3827 et
694 3786 772 3847 quas
790 3786 841 3827 res
860 3763 971 3848 agis?“
991 3762 1156 3847 improbus
1176 3773 1268 3849 urget

258 3874 291 3921 30
308 3854 393 3918 iratis
411 3853 570 3938 precibus:
591 3865 645 3935 „tu
661 3856 769 3942 pulses
788 3879 881 3922 omne
899 3857 985 3940 quod
1003 3855 1118 3935 obstat,

308 3947 349 4012 ad
365 3948 582 4013 Maecenatem
601 3951 730 4015 memori
749 3951 776 4015 si
794 3960 898 4015 mente
916 3954 1091 4016 recurras.“

307 4042 367 4106 hoc
384 4042 470 4106 iuvat
488 4051 519 4105 et
537 4043 621 4107 melli
639 4055 700 4121 est,
718 4068 781 4109 non
798 4045 940 4109 mentiar.
960 4054 993 4108 at
1009 4043 1105 4107 simul
1124 4053 1209 4109 atras

308 4145 435 4199 ventum
454 4145 501 4198 est
517 4134 694 4218 Esquilias,
715 4137 815 4203 aliena
832 4136 958 4224 negotia
976 4148 1103 4202 centum

308 4252 364 4313 per
381 4240 474 4314 caput
492 4240 523 4294 et
541 4231 623 4296 circa
641 4233 754 4296 saliunt
771 4233 864 4297 latus.
885 4243 976 4312 „ante
995 4231 1167 4298 secundam

259 4341 291 4387 35
309 4321 442 4386 Roscius
462 4322 570 4386 orabat
588 4325 648 4389 sibi
665 4326 793 4391 adesses
813 4325 854 4390 ad
870 4325 984 4390 Puteal
1001 4329 1100 4389 cras.“
1121 4364 1162 4372 -

311 4415 369 4493 „do
386 4439 419 4480 rc
437 4418 594 4481 communi
612 4419 732 4484 scribae
750 4444 865 4506 magna
883 4430 976 4503 atque
994 4442 1076 4483 nova
1093 4427 1124 4483 te
