3225 5442
629 715 657 766 Q·
676 714 796 757 nouam
814 714 919 756 mcor
1220 713 1311 760 Lxx!

240 826 342 881 isicem
361 824 464 879 divulsi
482 841 517 879 ae
535 823 669 877 disiuncti
687 830 760 892 sunt,
780 841 853 895 quac
877 841 911 877 ex
934 824 1059 894 antiquis
1081 826 1167 881 ducta
1187 825 1315 881 fontibus

241 902 254 950 t
276 895 331 948 hoc
355 910 468 965 quoque
487 893 599 947 nomine
618 899 759 962 tamquam
779 892 1314 973 quantivissuntpretiietsinequorum

242 963 361 1017 micitiae
376 962 573 1015 aeternitatem
591 960 759 1030 consequuti
778 960 880 1013 notitia
892 960 1086 1014 iucundissimi
1102 970 1205 1031 poetae
1215 963 1315 1017 intelli·

243 1048 287 1085 sse
297 1031 453 1084 videantur.
779 1028 876 1097 gontia
898 1035 947 1082 aut
968 1029 1053 1097 plane
1076 1031 1155 1084 nulla
1173 1030 1248 1084 foret
1266 1039 1314 1085 aut

246 1098 456 1169 Explicavimus
469 1098 607 1152 hactenus
621 1097 656 1150 de
671 1095 759 1165 ipsius
774 1096 879 1150 inisere
892 1096 1045 1151 laboraret.
1080 1099 1254 1152 Promeritus
1273 1104 1317 1153 est

245 1167 335 1221 [oratii
344 1166 402 1219 vita
411 1172 498 1236 atque
508 1165 616 1233 studiis,
624 1171 759 1245 quantum
777 1165 896 1218 maxime
911 1166 946 1217 de
961 1165 1061 1218 horum
1080 1166 1196 1219 scholiis
1211 1167 1288 1220 Geor
1310 1207 1316 1220 .

246 1235 372 1290 rusilium
390 1234 473 1287 huius
492 1233 653 1302 scriptionis
667 1232 758 1312 requi·
778 1231 927 1285 Fabricius
944 1232 973 1285 in
993 1233 1059 1287 edit.
1078 1234 1178 1288 Horat.
1197 1251 1222 1287 a.
1240 1184 1315 1288 mtd.

247 1320 284 1358 ue
302 1303 392 1357 visum
410 1307 466 1371 est,
490 1319 524 1356 ac
537 1302 660 1354 fortasse
674 1308 758 1354 etram
778 1299 1011 1354 f01.et1580.f01.
1029 1301 1227 1371 Henricipetr,
1241 1304 1316 1357 unde

248 1371 376 1442 ›piosius
404 1369 537 1439 Sequitur
551 1376 581 1421 ut
595 1370 630 1423 de
644 1368 759 1422 fortuna
778 1385 813 1421 ea
830 1385 921 1438 nuper
938 1369 1052 1438 repetiit
1066 1370 1269 1424 Braunhardus
1287 1371 1315 1424 in

249 1456 258 1493 r
280 1438 347 1492 fatis
371 1438 538 1508 scriptorum
556 1438 617 1491 eius
635 1436 760 1491 breviter
778 1435 902 1490 editione
913 1437 1024 1490 Horatii
1036 1438 1159 1507 Operum
1173 1444 1227 1493 ete.
1249 1438 1316 1508 Lip-

253 1508 373 1562 cendum
384 1505 427 1559 sit.
778 1504 850 1571 siae,
871 1505 1058 1559 1831-183-1.
1076 1507 1101 1559 4.
1115 1506 1180 1562 Vol.
1198 1509 1222 1561 8.
1259 1506 1316 1561 Sed

251 1575 386 1628 Poemata
416 1573 528 1627 Horatii
560 1577 674 1627 constat
703 1572 758 1626 iam
778 1572 922 1626 emendari
949 1590 984 1627 ea
1009 1575 1115 1643 passim
1138 1582 1261 1643 possunt
1282 1592 1316 1629 ex

254 1644 290 1696 dc
303 1660 320 1696 a
333 1642 423 1711 primo
438 1647 505 1711 post
519 1640 583 1695 Chr.
596 1659 623 1693 n.
644 1642 757 1694 saeculo
778 1640 985 1711 antiquioribus
1004 1641 1176 1696 editionibus
1190 1649 1220 1696 et
1232 1643 1317 1697 bonis

253 1726 330 1764 omae
352 1710 473 1779 aliisque
496 1710 567 1763 loeis
585 1708 711 1779 plurimis
730 1710 758 1762 in
778 1710 924 1763 codicibus
958 1726 1127 1781 quamquam
1143 1711 1268 1765 sinceros
1287 1717 1316 1765 et

254 1778 329 1832 holis
360 1778 606 1848 grammaticorum
636 1783 759 1831 tractata
777 1778 904 1846 integros
931 1750 1035 1831 horum
1071 1779 1316 1848 grammaticorum

256 1862 295 1900 se.
311 1845 501 1909 Quamobrem
511 1863 546 1900 ea
554 1847 658 1899 multos
669 1862 757 1925 gram·
779 1846 995 1899 commentarios
1022 1863 1148 1916 unquam
1174 1854 1317 1916 repertum

256 1914 341 1968 sticos
359 1920 469 1968 veteres
486 1921 572 1968 nacta
591 1919 657 1967 sunt
674 1921 757 1966 rnter-
777 1914 810 1966 iri
825 1913 904 1967 nulla
924 1931 991 1968 sane
1011 1932 1077 1985 spes
1096 1922 1147 1968 est.
1174 1913 1317 1985 Anonymi

257 1988 330 2050 ates,
359 1982 407 2052 qui
430 1982 490 2036 sine
519 1982 605 2036 dubio
632 1981 758 2051 plurimis
779 1982 887 2035 scholia
905 1982 1012 2050 primus
1030 1982 1119 2037 edidit
1133 1981 1272 2053 Cruquius
1287 1984 1317 2036 in

258 2068 318 2103 rum
333 2050 405 2103 locis
425 2050 636 2104 obscurioribus
651 2049 758 2103 deside·
778 2049 903 2103 editione
927 2049 951 2104 0
974 2067 1050 2103 erum
1069 2050 1194 2116 Horatii,
1221 2050 1315 2119 Lugd.

259 2126 312 2172 tam
330 2118 422 2171 lucem
437 2116 606 2172 affuderunt.
640 2117 683 2170 Ex
699 2117 758 2187 qui·
777 2117 878 2171 Batav.
889 2134 949 2171 exo
981 2135 1004 2170 c.
1015 2119 1138 2171 Plautia.
1153 2119 1227 2172 1597.
1239 2118 1265 2171 4.
1280 2119 1316 2172 al.

262 2204 276 2239 s
298 2186 411 2240 nominc
434 2192 543 2240 tautum
565 2184 625 2238 noti
645 2192 711 2237 sunt
728 2182 758 2237 C.
778 2186 858 2249 Quae
870 2185 1054 2240 scholiaitem
1065 2203 1176 2239 resnou
1192 2192 1314 2239 contem·

261 2254 373 2322 imilius,
391 2254 414 2307 Ι.
429 2254 591 2322 Modestus,
607 2254 759 2307 Terentius
777 2255 886 2307 nendas
897 2254 1057 2322 continent,
1077 2253 1204 2324 quamvis
1215 2253 1317 2321 etipsa

262 2339 360 2389 aurus3
379 2340 465 2391 quum
475 2338 584 2389 eorum,
603 2321 759 2391 quideper-
778 2340 812 2375 ex
828 2321 891 2374 rudi
906 2328 935 2375 et
947 2322 1005 2375 indi
1029 2329 1091 2375 esta
1101 2322 1316 2376 annotationum

263 2392 293 2443 a's
318 2391 474 2443 Horatianis
505 2390 705 2458 seripserunt,
723 2406 759 2442 ne
777 2390 921 2459 farragine
941 2407 994 2443 eon
1017 2398 1073 2444 ata.
1108 2391 1170 2445 Nec
1184 2405 1250 2444 vero
1266 2390 1314 2441 du-

264 2458 337 2511 mina
360 2458 473 2537 quidem
496 2458 664 2511 noverimus.
702 2456 760 2510 Sed
777 2459 854 2512 bium
877 2464 933 2526 cst,
981 2458 1028 2511 uin
1048 2458 1186 2512 eiusmodi
1206 2457 1316 2511 scholia

264 2525 480 2595 tiquissrmorum
494 2526 605 2579 illorum
621 2542 758 2578 commcn—
777 2527 938 2580 ctiamnune
952 2476 1072 2595 piiurima
1085 2524 1117 2580 in'
1133 2526 1315 2580 bibliothecis

266 2593 356 2647 iorum
368 2594 464 2647 nullus
478 2595 515 2648 ad
523 2593 682 2663 posteriora
691 2599 758 2646 tem·
777 2595 898 2662 lateant,
918 2613 1003 2665 quum
1013 2594 1288 2664 nonpauci'codiees
1303 2599 1314 2637 1

266 2678 294 2715 ra
307 2663 445 2730 pervenit.
481 2662 565 2725 Quod
578 2678 647 2715 sane
662 2662 758 2715 dolen·
777 2663 1028 2732 interpretamenta
1037 2664 1082 2717 vel
1093 2664 1221 2717 versibus
1231 2662 1315 2715 inter·

268 2747 289 2782 n
306 2735 350 2783 est
367 2746 553 2799 magnopere,
582 2730 695 2809 quando
718 2730 758 2781 ui·
776 2731 871 2851 posita
897 2732 942 2785 vol
969 2731 1144 2802 marginibus
1171 2730 1316 2799 adscripta
1399 2798 1404 2806 ἱ

268 2815 296 2865 n,
311 2797 385 2849 illisi
396 2802 584 2866 superessent,
600 2814 659 2851 sine
671 2799 709 2850 du
729 2798 757 2850 io
798 2798 1028 2854 abereferantur.

269 2864 351 2919 rilitcr
368 2866 564 2918 adiuvarentur
581 2866 610 2917 in
623 2866 758 2934 interpre-
804 2865 876 2921 Sunt
894 2866 978 2921 etiam
996 2867 1177 2923 recensiones
1196 2883 1312 2935 operum

273 2933 310 2985 do
329 2939 358 2986 et
373 2932 559 3003 intelligendo
574 2933 709 3000 Horatio,
728 2939 760 2987 ut
777 2934 888 2989 Horatii
903 2935 958 2988 iam
972 2942 1080 2990 mature
1095 2952 1112 2988 a
1126 2933 1315 3005 grammaticis

271 2999 402 3054 Cicerone
415 3000 532 3055 Asconii
542 3001 661 3055 Pediani
675 3000 758 3055 inter·
778 3005 885 3070 factae,
906 3004 940 3056 de
953 3003 1109 3057 cuiusmodi
1119 3002 1315 3073 grammatico-

273 3069 405 3121 tamentis
417 3074 613 3123 sustentamur.
649 3069 758 3138 Nempe
777 3088 838 3124 rum
853 3070 967 3138 studiis,
986 3088 1044 3124 non
1055 3068 1230 3139 semperillis
1241 3069 1313 3121 adeo

273 3144 376 3191 ‹crsunt
397 3138 491 3190 adhuc
513 3137 623 3191 scholia
644 3137 758 3190 Holenii
777 3157 823 3192 ma
845 3136 1315 3206 nifaciendis,dixcruntBurmann.

274 3204 357 3273 nnis,
385 3205 433 3275 qui
457 3211 537 3259 sexto
559 3210 626 3274 post
644 3204 709 3258 Chr.
731 3223 759 3257 n.
778 3208 815 3260 ad
852 3206 971 3260 alesium
988 3204 1152 3259 DcCritica
1187 3204 1314 3257 .180s.

275 3274 338 3326 culo
357 3273 460 3327 vixisse
478 3279 607 3342 putatur,
635 3279 665 3326 et
677 3274 759 3326 Pom·
779 3273 983 3328 Schneidewin.
992 3273 1126 3342 Prolegg.
1141 3222 1184 3325 ad
1193 3220 1314 3324 Martini.

276 3340 523 3411 iiPorphyrionis,
544 3341 591 3411 qui
601 3341 758 3410 posteriore
798 3343 906 3395 ‚lotis
949 3340 1014 3395 .0.
1027 3341 1112 3395 Jahn.
1127 3340 1233 3409 Proleg
1254 3380 1260 3392 .
1279 3340 1315 3393 ad

277 3426 308 3461 m
346 3416 439 3463 aetate
473 3409 586 3462 videtur
620 3408 758 3462 floruisse.
777 3362 853 3464 Fors.
872 3358 964 3480 pii?
984 3427 1025 3479 sq.
1052 3409 1220 3478 Bernhardy
1262 3409 1315 3461 dm.

277 3493 400 3546 umquam
422 3478 557 3531 incertam
576 3494 639 3531 esse
657 3478 759 3529 utrius·
777 3478 1019 3547 Literaturgesch.
1043 3478 1086 3531 ed.
1109 3478 1134 3530 3.
1162 3495 1189 3546 p.
1211 3477 1245 3530 88
1273 3493 1314 3556 sq.

301 3551 422 3598 aetatem
469 3545 637 3598 robabiliter
664 3545 760 3597 docuit
778 3547 870 3602 Unam
888 3564 922 3600 ex
940 3546 1002 3599 istis
1017 3546 1127 3599 Horatii
1146 3544 1315 3599 recensioni-

279 3611 368 3691 ingar,
379 3613 413 3667 V.
424 3563 476 3681 Oi,
488 3614 651 3666 inHistoria
662 3612 758 3665 critica
778 3617 832 3668 bus
859 3632 892 3668 ex
921 3614 1067 3669 codicibus
1094 3630 1178 3667 manu
1203 3612 1258 3666 seri
1279 3612 1315 3665 tis

282 3681 406 3734 olrastar.
417 3681 543 3734 Latinor.
553 3683 585 3734 P.
595 3681 647 3734 IlI.
657 3683 707 3749 p.8
717 3699 759 3751 sq.
777 3689 846 3737 vett.
855 3684 940 3736 hodie
952 3700 1008 3752 quo
1030 3700 1065 3736 ue
1076 3682 1213 3735 novimus.
1278 3697 1315 3733 on

289 3748 430 3803 enimvero
456 3766 492 3802 ne
518 3749 618 3802 horum
646 3749 758 3819 quidem
778 3750 861 3819 pauci
879 3751 952 3805 enim
972 3700 1103 3804 eodiecstt
1120 3750 1194 3802 hanc
1209 3748 1316 3802 habent

282 3816 430 3884 lmentarii,
451 3816 498 3887 qui
515 3817 618 3885 partim
636 3834 670 3870 cx
687 3816 758 3869 anti·
778 3819 1028 3887 subscriptionem:
1042 3817 1315 3886 VettiusAqoriusBo·

283 3900 353 3936 ›rum
363 3892 614 3938 commentatorum
625 3885 758 3953 operibus
776 3888 851 3939 silim
857 3888 1013 3954 ildovortias,
1023 3888 1202 3939 circinasset
1212 3886 1315 3936 siriasim

284 3951 348 4020 npti
363 3952 489 4020 fuerunt,
509 3953 602 4006 adhuc
612 3952 715 4021 integri
725 3970 759 4005 ao
777 3974 874 4008 excom.
884 3958 951 4008 dora.
962 3972 1064 4007 excons.
1075 3955 1130 4005 ord.
1142 3954 1193 4019 lepi
1200 3960 1223 4003 et
1232 3962 1260 4001 ut
1268 3968 1315 4018 po-

286 4019 327 4073 eri
337 4019 484 4074 habentur.
500 4020 572 4074 Sunt
581 4020 654 4073 enim
663 4020 758 4073 multis
778 4025 815 4075 lai
823 4024 957 4076 emendavi
964 4023 1110 4089 conserente
1119 4020 1179 4071 milii
1192 4019 1315 4085 magistro

285 4087 352 4141 ibus
363 4088 758 4157 corrupti,interpolati,deni·
778 4092 873 4153 Felice,
897 4099 1001 4140 oratore
1018 4090 1088 4139 urbis
1106 4088 1213 4138 Itomae.
1249 4083 1316 4135 Fuit

294 4156 389 4209 multis
407 4156 508 4210 alienis
527 4156 758 4210 adnotationibus
776 4152 1187 4227 igiturblavortiusvirmagnis
1198 4156 1315 4204 ornatus

287 4222 411 4277 ariorum
429 4225 674 4293 grammaticorum
694 4241 758 4277 con·
778 4223 973 4295 dignitatibus,
985 4224 1019 4276 de
1030 4238 1147 4291 quarum
1157 4219 1314 4272 rationibus

288 4291 366 4361 1nati,
393 4298 425 4344 ut
447 4311 481 4345 cx
506 4294 674 4346 centonibus
696 4291 759 4343 istis
788 4304 943 4333 -·-——-

289 4359 337 4413 yile
364 4360 400 4412 sit
428 4377 539 4429 eruere,
576 4361 652 4430 quod
682 4366 759 4413 recte
803 4365 855 4403 lv.
870 4362 984 4401 Kirehner.
998 4361 1069 4400 Now.
1089 4359 1187 4410 Quaestt.
1202 4358 1312 4398 Horattan.

290 4428 518 4507 linumflueatui'
546 4428 760 4507 Quamquaml'n
778 4415 859 4504 pabor.
874 4465 987 4503 Klrehner.
1006 4464 1076 4502 Novv.
1096 4463 1185 4513 Quaest.
1203 4473 1225 4511 p.
1240 4463 1272 4502 24.
1292 4463 1314 4501 st
1332 4496 1338 4506 .

300 4496 347 4550 vel
370 4512 411 4549 sic
432 4497 552 4564 plurima
571 4501 759 4563 continentur,
778 4517 867 4557 nomi,
877 4516 976 4557 Arucci.
986 4515 1062 4555 Horat.
1077 4526 1099 4565 p.
1109 4516 1128 4555 9,
1144 4518 1166 4554 et
1180 4515 1212 4554 19.
