3225 5442
504 721 778 780 EPISTOLARUM
794 722 870 779 LIB.
884 724 906 779 1.
1158 712 1220 777 193

190 903 317 967 eogere,
336 902 431 964 quam
450 880 525 943 satis
543 889 605 957 est,
625 902 662 944 ac
679 902 742 944 non
761 902 885 946 cessare
904 880 1042 946 videbor.

188 976 322 1061 imperat
340 983 394 1037 aut
412 973 507 1037 servit
524 973 654 1038 collecta
670 975 804 1058 pecunia
822 975 944 1057 cuique,

188 1079 306 1134 tortum
324 1068 421 1153 digna
439 1067 528 1150 sequi
544 1068 649 1152 potius
667 1090 762 1151 quam
780 1070 895 1134 ducere
913 1070 1031 1134 funem.

188 1163 268 1227 haec
287 1161 344 1226 tibi
361 1160 518 1225 dictabam
535 1172 608 1246 post
625 1161 736 1225 fanum
752 1176 843 1248 putre
862 1162 1022 1240 Vacunae,

189 1266 321 1342 excepto
340 1256 424 1338 quod
442 1278 505 1319 uon
522 1256 616 1321 simul
633 1278 735 1335 esses,
754 1268 858 1324 cetera
874 1258 984 1323 laetus.

539 1456 786 1519 EPISTOLA
806 1458 870 1517 XI.

530 1600 587 1648 ao
614 1601 885 1652 nunnarruru.

191 1724 280 1807 Quid
298 1725 353 1789 tibi
372 1724 440 1788 visa
459 1722 573 1803 Chios,
592 1724 723 1803 Bullati,
742 1735 879 1810 notaque
895 1724 1032 1802 Lesbos,

191 1819 268 1904 quid
285 1820 436 1884 concinna
454 1818 582 1897 Samos,
601 1820 677 1903 quid
696 1820 807 1885 Croesi
825 1821 911 1907 regia
935 1819 1054 1898 Sardis,

192 1912 330 1997 Smyrna
348 1913 423 1995 quid
442 1923 473 1976 et
492 1913 677 1998 Colophon?
693 1915 813 1979 maiora
830 1915 989 1978 minoranc
1007 1914 1110 1978 fama?

191 2017 345 2070 cunctane
362 2028 438 2090 prae
456 2028 567 2091 campo
586 2021 618 2071 et
636 2007 785 2072 Tiberino
803 2008 931 2071 flumine
950 2007 1094 2071 sordent?

192 2122 234 2162 an
251 2099 336 2162 venit
353 2099 387 2162 in
404 2111 513 2163 votum
530 2100 677 2165 Attalicis
696 2123 735 2164 ex
753 2101 884 2165 urbibus
902 2101 983 2164 una?

191 2216 233 2256 an
251 2192 417 2256 Lebedum
434 2193 544 2258 laudas
563 2194 635 2258 odio
653 2194 748 2259 maris
767 2206 860 2277 atque
879 2194 1018 2258 viarum?

192 2286 270 2363 seis,
289 2286 441 2351 Lebedus
459 2288 535 2370 quid
554 2288 608 2364 sit3
629 2285 741 2353 Gabiis
760 2288 912 2353 desertior
929 2297 1022 2372 atque

191 2380 322 2445 Fidenis
340 2380 443 2445 vicus:
462 2392 567 2445 tamen
583 2382 647 2445 illio
665 2381 770 2446 vivere
788 2381 910 2459 vollem,

192 2472 371 2555 oblitusque
391 2496 532 2539 meorum
549 2474 782 2539 obliviscendus
801 2485 832 2540 et
849 2475 910 2541 illis

192 2566 375 2651 Neptunum
391 2568 502 2653 procul
520 2590 538 2631 e
557 2579 639 2633 terra
657 2578 798 2653 spectare
816 2568 981 2633 furentem.

194 2661 252 2725 sed
268 2683 369 2744 neque
388 2662 441 2745 qui
460 2661 573 2747 Capua
588 2663 723 2727 Romam
740 2664 832 2748 petit,
851 2664 950 2729 imbre
967 2664 1096 2748 lutoque

193 2753 362 2839 adspersus
381 2755 465 2819 volet
481 2755 515 2819 in
533 2778 676 2842 caupona
693 2758 812 2835 vivere3
831 2780 890 2821 nec
907 2758 961 2841 qui

193 2846 295 2932 frigus
314 2848 453 2933 collegit,
471 2849 581 2913 furnos
600 2859 631 2914 et
648 2849 761 2913 balnea
777 2850 885 2915 laudat

194 2950 230 3004 ut
247 2940 436 3005 fortunatam
454 2942 546 3028 plene
565 2945 755 3028 praestantia
773 2944 885 3022 vitam3

193 3056 266 3109 nec,
287 3034 362 3098 site
380 3035 502 3100 validus
520 3036 683 3101 iactaverit
700 3036 821 3101 Auster
837 3037 870 3100 in
888 3037 966 3114 alte,

193 3127 310 3192 idcirco
328 3152 441 3193 navem
460 3141 544 3195 trans
562 3130 728 3217 Aegaeum
747 3152 833 3195 mare
851 3130 980 3195 vendas.

193 3221 343 3286 incolumi
360 3223 491 3289 Rhodos
510 3235 542 3289 et
558 3223 713 3310 Mitylene
730 3225 862 3310 pulchra
879 3225 969 3302 facit,
988 3226 1073 3310 quod

193 3314 330 3398 paenula
347 3316 494 3396 solstitio,
514 3330 688 3405 campestre
705 3319 861 3383 nivalibus
880 3319 975 3396 auris,

194 3429 251 3492 per
268 3408 412 3474 brumam
430 3413 568 3492 Tiberis,
589 3412 701 3479 Sextili
718 3435 827 3478 mense
845 3415 997 3479 caminus.

195 3501 271 3564 dum
288 3503 361 3568 licet
378 3528 415 3570 ac
432 3507 554 3571 vultum
572 3516 675 3572 servat
692 3506 833 3571 Fortuna
849 3507 1031 3594 benignum,

194 3594 316 3660 Romae
334 3598 477 3664 laudetur
496 3599 609 3666 Samos
628 3612 660 3665 et
679 3600 778 3666 Chios
796 3611 828 3666 et
845 3601 976 3666 Rhodos
994 3600 1119 3666 absens.

195 3702 230 3752 tu
248 3712 478 3777 quamcumque
496 3695 574 3758 deus
593 3694 649 3759 tibi
667 3695 873 3760 fortunaverit
889 3696 999 3761 horam

194 3794 286 3867 grata
303 3807 392 3848 sume
410 3809 518 3864 manu,
536 3810 599 3851 neu
616 3788 720 3853 dulcia
738 3790 830 3854 differ
845 3790 879 3853 in
897 3812 1028 3868 annum;

194 3892 230 3938 ut
247 3898 445 3961 quocumque
463 3879 533 3945 loeo
550 3880 648 3947 fueris
665 3883 784 3946 vixisse
802 3883 936 3948 libenter

195 3980 227 4034 te
245 3971 341 4035 dicas.
365 3996 438 4036 nam
457 3974 484 4038 si
502 3975 580 4040 ratio
599 3985 630 4040 et
647 3976 814 4060 prudentia
831 3999 933 4053 curas,

195 4084 259 4126 non
275 4064 363 4129 locus
382 4067 475 4132 effusi
492 4067 554 4131 late
573 4070 668 4133 maris
687 4069 815 4145 arbiter,
835 4068 951 4147 aufert3

196 4156 332 4235 coelum,
350 4182 414 4225 non
432 4161 586 4239 animum,
605 4172 726 4227 mutant
743 4163 797 4245 qui
815 4172 901 4226 trans
919 4184 1005 4226 marc
1022 4170 1159 4225 currunt.

196 4248 323 4314 strenua
340 4274 398 4317 uos
417 4266 541 4320 exercet
558 4256 683 4334 inertia3
702 4256 835 4320 navibus
854 4266 947 4339 atque

195 4344 356 4430 quadrigis
374 4348 509 4430 petimus
527 4348 607 4414 bene
626 4352 743 4415 vivere:
761 4351 846 4433 quod
864 4350 959 4435 petis,
978 4349 1029 4413 hic
1047 4358 1104 4425 est,

196 4446 244 4500 est
261 4437 408 4516 Ulubris,
427 4441 550 4508 animus
569 4443 596 4508 si
614 4454 644 4508 te
661 4467 724 4510 non
742 4443 847 4509 deficit
864 4438 993 4527 a'equus.

246 4538 361 4583 lloratr'ua.
467 4586 476 4606 ⁸
1015 4552 1052 4608 13
