3225 5442
509 740 784 798 EPISTOLARUM
803 742 876 797 ΗΒ,
890 744 928 798 II.

197 924 278 967 neve
296 901 398 966 minor
415 922 476 963 neu
495 899 535 962 sit
552 899 661 983 quinto
678 900 859 984 productior
876 912 948 964 actu

197 995 321 1072 sabula,
340 1015 420 1077 quae
437 992 527 1078 posci
544 992 611 1055 vult
629 1002 659 1057 et
677 1003 818 1078 spectata
834 994 952 1078 reponi.

197 1111 257 1154 nec
274 1088 352 1152 deus
369 1086 505 1163 intersit,
524 1086 585 1150 nisi
602 1086 717 1171 dignus
736 1087 860 1151 vindice
877 1089 979 1153 nodus

196 1181 354 1245 inciderit:
372 1201 431 1244 nec
448 1190 560 1262 quarta
576 1179 662 1262 loqui
680 1201 815 1265 persona
832 1180 961 1245 laboret.

196 1275 313 1339 actoris
330 1283 435 1358 partes
453 1273 567 1337 chorus
586 1273 787 1356 ciliciumque
804 1274 893 1338 virile

196 1369 359 1433 defendat:
378 1389 441 1432 neu
458 1368 535 1451 quid
553 1368 672 1431 medios
691 1368 855 1432 intercinat
873 1379 972 1445 actus,

196 1463 283 1546 quod
299 1484 363 1526 non
379 1462 540 1546 proposito
557 1461 711 1526 conducat
728 1470 759 1525 et
775 1462 903 1526 haereat
921 1475 1002 1547 apte.

196 1556 248 1621 ille
267 1555 358 1621 bonis
377 1555 544 1638 faveatque
563 1564 594 1619 et
611 1554 790 1620 consilietur
809 1556 921 1633 amice,

196 1660 228 1715 et
245 1658 335 1735 regat
351 1649 447 1713 iratos
466 1664 497 1713 et
514 1658 598 1713 amet
615 1670 745 1733 peecare
763 1650 907 1714 timentes
913 1676 922 1728 3

196 1745 249 1809 ille
267 1745 364 1829 dapes
382 1743 488 1807 laudet
506 1765 633 1807 mensae
650 1742 767 1820 brevis,
786 1744 838 1808 ille
857 1744 1013 1809 salubrem

195 1838 347 1903 iustitiam
364 1836 513 1923 legesque
532 1846 563 1901 et
580 1837 695 1921 apertis
714 1838 778 1902 otia
793 1838 906 1922 portis3

195 1933 248 1997 ille
266 1941 352 2017 tegat
369 1931 551 2007 commissa,
570 1931 709 2014 deosque
727 1941 871 2015 precetur
888 1942 919 1995 et
937 1942 1012 2009 oret,

195 2035 232 2089 ut
248 2026 356 2090 redeat
372 2025 509 2103 miseris,
529 2024 621 2090 abeat
638 2025 763 2089 fortuna
781 2026 935 2110 superbis.

196 2119 274 2184 tibia
290 2142 368 2197 non,
386 2129 422 2182 ut
438 2141 535 2196 nunc,
555 2118 710 2184 orichalco
728 2119 846 2197 tincta,
866 2118 1021 2203 tubaeque

195 2214 333 2291 aemula,
352 2215 409 2279 sed
426 2214 528 2278 tenuis
548 2213 742 2297 simplexque
760 2214 913 2278 foramine
930 2236 1032 2300 pauco

195 2308 356 2392 adspirare
374 2316 405 2371 et
423 2308 534 2371 adesse
552 2308 654 2371 eboris
674 2320 740 2372 erat
757 2307 856 2384 utilis,
876 2317 969 2390 atque

195 2401 335 2464 nondum
353 2398 460 2485 spissa
472 2401 565 2465 nimis
584 2401 739 2485 complere
759 2401 869 2465 sedilia
885 2401 975 2465 flatu:

191 2516 260 2577 quo
278 2515 353 2558 sane
370 2493 505 2579 populus
523 2495 741 2572 numerabilis,
760 2505 867 2581 utpote
885 2517 1001 2580 parvus

194 2598 227 2652 et
244 2587 329 2673 frugi
346 2598 514 2671 castusque
533 2590 805 2672 verecundusque,
825 2590 937 2655 coibat.

194 2691 361 2766 postquam
380 2682 482 2767 coepit
499 2705 593 2768 agros
611 2684 777 2747 extendere
796 2684 895 2749 victor
912 2694 942 2749 et
960 2684 1053 2748 urbes

193 2776 285 2839 latior
302 2776 448 2861 amplecti
464 2799 572 2841 murus
591 2777 726 2860 vinoque
745 2779 857 2843 diurno

193 2870 311 2955 placari
330 2868 451 2935 Genius
469 2871 560 2935 festis
577 2872 706 2956 impune
725 2872 846 2949 diebus,

194 2964 327 3029 accessit
344 2965 544 3047 numerisque
563 2966 727 3048 modisque
744 2966 871 3029 lieentia
889 2966 996 3029 maior.

193 3059 338 3123 indoctus
357 3059 433 3142 quid
451 3060 534 3123 enim
552 3069 675 3144 saperet
693 3059 833 3143 liberque
851 3058 993 3123 laborum

193 3153 344 3230 rusticus,
362 3151 483 3217 urbano
501 3153 667 3231 confusus,
687 3154 786 3238 turpis
804 3153 955 3218 honesto?

194 3248 241 3312 sic
257 3247 379 3330 priscae
397 3256 578 3330 motumque
597 3259 628 3311 et
644 3247 800 3311 luxuriam
819 3246 938 3311 addidit
956 3246 1014 3309 arti

194 3340 310 3404 tibicen
327 3340 482 3422 traxitque
500 3364 601 3426 vagus
619 3363 676 3426 per
692 3341 814 3425 pulpita
831 3349 965 3404 vestem:

194 3434 241 3497 sic
258 3434 354 3496 etiam
370 3434 485 3498 fidibus
504 3456 598 3500 voces
617 3457 742 3499 crevere
761 3434 888 3509 severis,

194 3536 226 3589 et
243 3526 313 3589 tulit
331 3527 489 3610 eloquium
507 3528 668 3593 insolitum
684 3528 832 3592 facundia
848 3549 1008 3612 praeceps,

194 3620 378 3703 utiliumque
397 3644 496 3707 sagax
513 3644 617 3686 rerum
634 3632 666 3687 et
683 3622 789 3685 divina
806 3621 903 3685 futuri

194 3714 350 3799 sortilegis
369 3737 433 3778 non
450 3715 620 3801 discrepuit
638 3715 793 3780 sententia
809 3715 954 3801 Delphis.

194 3808 330 3871 carmine
348 3808 403 3891 qui
420 3810 539 3894 tragico
557 3809 651 3872 vilem
669 3813 798 3872 certavit
816 3808 856 3874 ob
874 3809 1004 3884 hircum,

192 3923 268 3964 mox
285 3902 379 3965 etiam
398 3912 538 3988 agrestes
558 3899 688 3988 Satyros
706 3903 850 3979 nudavit,
869 3911 900 3967 et
917 3925 1010 3986 asper

192 3993 342 4059 incolumi
360 3998 512 4082 gravitate
529 3997 633 4061 iocum
651 3997 782 4061 tentavit
799 4018 851 4071 eo,
870 3996 954 4078 quod

192 4087 347 4155 illecebris
366 4100 432 4154 erat
449 4102 481 4154 et
497 4100 588 4176 grata
604 4092 742 4156 novitate
760 4090 930 4154 morandus

194 4193 364 4267 spectator,
383 4183 573 4267 functusque
592 4185 688 4250 saeris
707 4194 738 4249 et
753 4194 847 4269 potus
867 4192 897 4247 et
915 4183 1015 4248 exlex.

193 4298 303 4341 verum
319 4278 364 4342 ita
380 4278 509 4356 risores,
527 4279 572 4343 ita
590 4281 807 4343 commendare
825 4278 948 4342 dicaces

193 4371 358 4436 conveniet
376 4370 522 4458 Satyros,
540 4373 585 4437 ita
603 4385 721 4437 vertere
740 4374 821 4438 seria
838 4374 922 4449 ludo,

192 4488 233 4529 nc
251 4468 441 4550 quicumque
458 4468 551 4544 deus,
570 4468 758 4551 quicumque
777 4468 974 4532 adhibebitur
990 4467 1091 4542 heros,
1169 4518 1171 4521 Α

245 4583 358 4627 Horatius.
1011 4575 1046 4630 15
