3225 5442
536 727 761 787 SATIRARUM
779 731 852 787 LIB.
865 731 888 785 Ι.

191 900 290 957 nauta
306 891 397 977 piger
414 911 492 954 saxo
509 888 621 974 religat
639 888 801 971 stertitque
821 888 961 973 supinus.

190 988 317 1069 iamque
336 984 403 1049 dies
422 982 543 1058 aderat,
561 982 605 1045 nil
623 1003 721 1064 quum
737 983 906 1066 procedere
924 981 1047 1045 lintrem

192 1080 346 1144 sentimus
352 1102 361 1156 ;
380 1077 480 1140 donec
498 1074 681 1140 cerebrosus
699 1075 822 1159 prosilit
839 1098 932 1152 unus,

174 1196 231 1239 .ae
249 1172 352 1235 mulae
369 1180 545 1252 nautaeque
563 1178 658 1253 eaput
674 1168 862 1252 lumbosque
881 1170 1002 1255 saligno

192 1268 277 1331 fuste
295 1266 389 1330 dolat
408 1275 520 1348 quarta
537 1263 591 1326 vix
608 1262 735 1326 demum
754 1264 939 1347 exponimus
958 1264 1043 1327 hora.

192 1385 250 1426 ora
266 1380 439 1442 manusque
458 1368 513 1421 tua
529 1356 679 1433 lavimus,
697 1355 846 1433 Feronia,
865 1356 1003 1441 lympha.

160 1483 165 1490 ·
190 1454 291 1518 millia
308 1463 375 1516 tum
392 1451 500 1537 pransi
517 1450 576 1514 tria
592 1449 746 1533 repimus,
766 1459 860 1532 atque
879 1449 1022 1514 subimus

191 1547 375 1632 impositum
393 1546 478 1610 saxis
498 1544 561 1608 late
579 1542 784 1607 candentibus
802 1544 926 1607 Anxur.

170 1642 261 1705 'huc'
272 1648 422 1703 venturus
441 1647 507 1702 erat
524 1637 694 1701 Maecenas
713 1636 850 1721 optimus
869 1647 962 1721 atque

193 1734 362 1809 Cocceius,
382 1733 471 1797 missi
488 1731 612 1817 magnis
631 1730 782 1795 derebus
801 1741 932 1816 uterque

191 1828 302 1915 legati,
322 1849 450 1891 aversos
469 1825 552 1891 soliti
570 1847 756 1909 componere
775 1826 902 1891 amicos.

192 1923 244 1986 hic
262 1922 360 1986 oculis
379 1942 439 2007 ego
456 1920 547 2006 nigra
564 1919 642 1983 meis
661 1918 790 2003 collyria
806 1920 911 2005 lippus

192 2016 320 2090 illinere.
340 2015 459 2078 interea
475 2012 645 2077 Maecenas
664 2013 792 2076 advenit
810 2024 903 2097 atque

194 2108 351 2173 Cocceius
371 2106 547 2192 Capitoque
565 2105 659 2170 simul
676 2106 844 2184 Fonteius,
863 2108 904 2171 ad
921 2130 1060 2193 unguem

192 2202 296 2267 faetus
314 2201 423 2278 homo,
440 2200 562 2264 Antoni
578 2223 643 2264 non
659 2209 695 2263 ut
712 2201 813 2286 magis
832 2201 910 2265 alter
927 2203 1056 2266 amicus.

192 2296 310 2360 fundos
328 2293 458 2359 Aufidio
475 2294 584 2358 Lusco
601 2303 745 2378 praetore
762 2294 895 2359 libenter

191 2389 379 2472 linquimus,
397 2387 500 2452 insani
517 2387 654 2452 ridentes
672 2387 812 2471 praemia
830 2389 961 2466 scribae,

192 2492 388 2568 praetextam
406 2491 438 2545 et
454 2481 553 2546 latum
571 2481 696 2545 clavum
713 2504 896 2566 prunaeque
913 2483 1064 2547 vatillum.

193 2576 226 2639 in
243 2575 477 2640 Mamurrarum
494 2575 571 2639 lassi
587 2575 700 2639 deinde
718 2575 795 2640 urbe
814 2599 986 2654 manemus,

192 2668 329 2732 Murena
345 2668 514 2753 praebente
532 2668 674 2745 domum,
695 2667 850 2753 Capitone
868 2670 1015 2734 culinam.

193 2772 320 2847 postera
336 2763 391 2826 lux
408 2761 506 2827 oritur
523 2762 621 2825 multo
639 2762 833 2847 gratissima3
851 2786 987 2847 namque

192 2856 316 2920 Plotius
334 2866 365 2919 et
383 2855 499 2921 Varius
519 2853 691 2920 Sinuessae
708 2855 925 2941 Virgiliusque
997 2879 1001 2886 ·

194 2958 374 3026 occurrunt,
393 2949 530 3026 animae,
550 2949 659 3032 quales
677 2971 778 3031 neque
797 2951 993 3034 candidiores

193 3052 276 3106 terra
294 3042 376 3119 tulit,
395 3064 498 3125 neque
516 3043 587 3126 quis
598 3065 656 3117 ,me
674 3043 715 3107 sit
733 3044 906 3108 devinctior
923 3043 1010 3108 alter.

194 3159 214 3200 o
232 3136 287 3219 qui
305 3137 486 3221 complexus
505 3146 536 3201 et
553 3137 669 3223 gaudia
687 3147 804 3221 quanta
821 3137 958 3202 fuerunt.

194 3229 238 3293 nil
257 3252 317 3315 ego
335 3230 518 3317 contulerim
535 3232 671 3295 iucundo
691 3254 786 3295 sanus
805 3232 916 3296 amieo.

194 3324 338 3407 proxima
357 3322 520 3408 Campano
538 3325 627 3409 ponti
644 3347 725 3409 quae
742 3325 851 3389 villula
868 3334 985 3389 tectum

194 3416 351 3500 praebuit,
370 3427 401 3481 et
418 3418 561 3501 parochi,
580 3440 661 3501 quae
678 3417 808 3496 debent,
827 3419 913 3505 ligna
931 3418 1100 3501 salemque.

195 3511 267 3574 hinc
285 3511 363 3573 muli
382 3510 511 3596 Capuae
529 3512 659 3576 clitellas
677 3522 817 3598 tempore
835 3523 963 3599 ponunt.

194 3604 300 3668 lusum
317 3605 343 3668 it
358 3603 545 3684 Maecenas,
564 3606 733 3671 dormitum
751 3630 812 3693 ego
828 3607 1058 3693 Virgiliusque:

194 3720 331 3781 namque
348 3699 413 3783 pila
429 3699 522 3785 lippis
540 3700 701 3764 inimicum
720 3711 751 3765 et
767 3701 874 3765 ludere
893 3703 1007 3766 crudis.

195 3791 269 3854 hinc
286 3814 343 3855 nos
363 3790 490 3857 Cocceii
507 3793 617 3877 recipit
634 3793 817 3878 plenissima
835 3794 918 3872 villa,
1013 3866 1016 3874 ,

195 3905 277 3967 quae
296 3907 390 3970 super
407 3895 456 3950 est
474 3885 577 3950 Caudi
594 3909 762 3972 cauponas.
781 3910 865 3952 nune
882 3888 959 3951 mihi
975 3887 1085 3972 paucis

197 3978 356 4044 Sarmenti
374 4002 499 4045 scurrae
517 4003 657 4067 pugnam
674 3981 840 4065 Messique
859 3981 991 4059 Cicirri,

195 4072 307 4150 Musa,
325 4074 420 4137 velim
438 4097 593 4140 memores
612 4086 643 4139 et
661 4098 723 4159 quo
741 4084 830 4161 patre
847 4083 940 4140 natus
958 4085 1090 4158 uterque

196 4168 361 4233 contulerit
378 4170 460 4234 lites.
478 4169 581 4235 Messi
599 4170 718 4235 clarmn
735 4192 837 4256 genus
857 4168 951 4246 Osei3

198 4260 358 4327 Sarmenti
376 4264 503 4329 domina
520 4274 632 4329 exstat.
651 4264 690 4329 ab
709 4265 758 4328 his
777 4263 947 4329 maioribus
966 4263 1025 4327 orti

197 4356 239 4421 ad
255 4380 396 4443 pugnam
413 4381 536 4423 venere.
554 4359 639 4445 prior
657 4356 857 4424 Sarmentus:
877 4357 969 4441 „equi
987 4367 1017 4421 te

198 4473 269 4516 esse
286 4450 345 4515 feri
364 4452 497 4517 similem
515 4453 616 4518 dieo.“
636 4453 788 4533 ridemus3
807 4452 922 4537 etipse
