3225 5442
487 713 644 771 EPODON
661 713 787 768 LIBER.

267 886 286 939 rt
302 873 476 957 inquinavit
493 894 565 936 aere
582 882 706 955 tempus
725 893 869 947 aureum3

266 992 296 1046 e,
316 968 430 1034 dehinc
447 966 530 1031 ferro
548 966 671 1030 duravit
689 965 829 1041 saecula,
849 987 981 1048 quorum

266 1064 312 1127 riis
331 1061 469 1128 secunda
486 1069 558 1126 vate
575 1082 626 1124 me
645 1059 736 1123 datur
753 1059 840 1144 fuga.

472 1336 671 1400 GARMEN
693 1336 801 1397 XVII.

444 1488 497 1537 ru
536 1487 836 1537 canrornu.

265 1650 324 1691 roa.
347 1624 417 1688 Iam
435 1623 498 1687 iarn
517 1621 638 1687 efficaci
655 1622 696 1686 do
714 1644 827 1686 manus
846 1622 1003 1697 scientiae,

263 1720 386 1805 supplex
404 1729 435 1782 ct
453 1740 508 1782 oro
525 1722 623 1802 regna
640 1739 696 1801 per
713 1716 931 1801 Proserpinae,

263 1837 309 1898 ror
326 1825 356 1877 ot
373 1813 498 1877 Dianae
516 1834 578 1874 non
597 1810 752 1875 movenda
770 1811 909 1885 numina,

262 1930 309 1992 rer
326 1917 418 1990 atque
436 1906 533 1970 libros
553 1904 726 1969 carminum
743 1904 914 1968 valentium

263 2001 351 2064 refixa
368 1999 454 2063 caelo
472 1999 625 2063 devocare
644 1997 756 2073 sidera,

261 2094 403 2171 Canidia,
422 2115 516 2178 parce
534 2090 664 2156 vocibus
683 2092 809 2156 tandem
829 2091 925 2155 sacris

261 2189 411 2270 ritumque
429 2197 511 2250 retro
530 2186 616 2250 solve
635 2186 722 2250 solve
740 2184 906 2249 turbinem.

260 2282 351 2346 novit
368 2292 514 2366 nepotem
533 2279 693 2365 Telephus
711 2278 871 2355 Nereium,

260 2380 285 2440 n
303 2399 397 2459 quem
415 2375 570 2459 superbus
589 2374 747 2439 ordinarat
764 2373 893 2459 agmina

259 2471 419 2556 Mysorum
437 2480 469 2534 et
485 2469 519 2533 in
535 2491 629 2552 quem
648 2468 710 2532 tela
727 2477 819 2532 acuta
837 2477 977 2533 torserat.

259 2587 372 2629 unxere
389 2572 505 2629 matres
523 2562 601 2627 Iliae
619 2563 777 2627 addictum
796 2561 871 2625 feris

258 2660 379 2724 slitibus
397 2669 490 2742 atque
509 2657 638 2721 canibus
656 2656 847 2720 homicidam
864 2655 1045 2733 Hectorem,

258 2764 420 2838 postquam
437 2751 552 2817 relictis
570 2750 734 2815 moenibus
752 2772 809 2813 rex
825 2750 958 2833 procidit

258 2846 329 2910 heul
347 2845 518 2930 pervicacis
537 2845 577 2909 ad
594 2844 692 2930 pedes
711 2843 858 2907 Achillei.

257 2948 359 3004 setosa
376 2939 462 3003 duris
481 2961 594 3003 exuere
612 2937 747 3022 pellibus

257 3032 401 3097 laboriosi
419 3032 553 3117 remiges
572 3031 680 3096 Ulixei

257 3127 378 3190 volente
398 3126 489 3191 Circe
507 3126 662 3203 membra3
681 3134 755 3188 tunc
772 3146 862 3189 mens
881 3133 912 3187 et
930 3145 1027 3188 sonus

256 3221 396 3305 relapsus
414 3230 507 3303 atque
524 3231 617 3285 notus
634 3220 667 3283 in
685 3220 791 3283 vultus
810 3219 919 3283 honor.

255 3316 327 3380 dedi
347 3315 422 3380 satis
441 3337 596 3399 superque
614 3337 787 3400 poenarum
805 3314 872 3391 tibi,

256 3420 360 3474 amata
376 3410 479 3473 nautis
497 3409 630 3472 multum
648 3419 679 3473 et
697 3408 904 3472 institoribus.

255 3503 338 3589 fugit
354 3504 512 3579 iuventas,
531 3513 562 3567 et
579 3503 775 3567 verecundus
793 3502 880 3566 color

255 3597 379 3681 reliquit
396 3620 451 3661 ora
467 3597 548 3681 pelle
566 3596 680 3660 amiota
697 3596 814 3673 lurida3

256 3690 317 3755 tuis
336 3690 467 3774 capillus
485 3690 576 3755 albus
595 3698 643 3754 est
661 3690 827 3767 odoribus3

255 3785 376 3848 nullum
393 3784 433 3849 ab
450 3783 557 3848 labore
574 3807 625 3848 me
642 3785 772 3849 reclinat
790 3784 898 3848 otium.

255 3889 347 3965 urget
364 3879 447 3942 diem
464 3901 529 3942 nox
547 3888 578 3943 et
595 3879 662 3943 dies
681 3889 821 3955 noctem,
840 3899 943 3960 neque
961 3886 1010 3942 est

255 3974 358 4037 levare
377 3983 462 4036 tenta
480 3972 591 4057 spiritu
608 3972 799 4056 praecordia.

256 4091 331 4153 ergo
348 4078 497 4154 negatum
515 4068 624 4132 vincor
640 4078 675 4131 ut
693 4067 818 4131 credam
836 4064 941 4140 miser,

257 4160 384 4227 Sabella
401 4172 511 4246 pectus
529 4162 689 4246 increpare
707 4159 855 4235 carmina,

256 4266 411 4341 caputque
428 4256 539 4321 Marsa
556 4256 690 4321 dissilire
707 4252 829 4318 naenia.

256 4350 332 4433 quid
349 4350 482 4435 amplius
500 4351 568 4415 vis?
586 4375 604 4415 o
622 4372 707 4414 mare
713 4397 722 4427 ,
740 4371 760 4413 o
779 4344 874 4412 terra!
894 4344 987 4410 ardeo

256 4454 408 4526 quantum
425 4466 527 4529 neque
545 4453 611 4509 atro
630 4443 787 4509 delibutus
805 4439 961 4506 Hercules
