3225 5442
338 695 400 759 142
666 705 700 770 Q.
715 702 882 759 HORATII
895 704 1045 760 FLAOCl

336 864 461 928 obiiciat
480 885 572 927 nemo
590 862 699 926 sordes
717 860 809 937 mihi,
826 882 906 944 quas
924 860 1003 938 tibi,
1025 863 1119 941 Tilli,

336 981 433 1040 quum
452 956 584 1021 Tiburte
602 956 654 1020 sia
669 965 844 1041 praetorem
862 955 1007 1038 quinque
1026 968 1213 1039 sequuntur

337 1070 367 1114 tc
384 1050 473 1135 pueri
491 1050 632 1113 lasanum
651 1058 811 1133 portantes
830 1048 1135 1137 oenophorumque.

272 1167 319 1212 111
336 1145 395 1208 hoc
413 1167 473 1229 ego
491 1143 685 1208 commodius
704 1165 799 1225 quam
817 1152 866 1219 tu,
885 1143 1053 1227 praeclare
1074 1156 1217 1223 senator,

336 1238 473 1302 millibus
491 1249 584 1320 atquc
602 1238 671 1301 aliis
690 1238 772 1301 sivo.
790 1258 993 1319 quacumque
1012 1237 1120 1303 libido
1140 1251 1199 1317 est,

336 1333 446 1396 incedo
465 1332 565 1408 solus3
583 1348 748 1415 percontor
765 1330 872 1413 quanti
890 1330 960 1394 olus
980 1354 1020 1395 ac
1038 1332 1108 1411 sar3

335 1427 480 1490 fallacem
498 1426 615 1489 circum
634 1425 908 1509 vespertinumque
926 1447 1059 1509 pererro

336 1542 430 1604 saepe
449 1520 568 1596 sorum;
587 1519 706 1583 adsisto
724 1518 852 1595 divinis3
870 1518 943 1582 inde
961 1520 1102 1584 domum
1122 1545 1175 1586 me
1218 1542 1222 1550 ·

269 1635 317 1680 111
335 1614 375 1676 ad
393 1614 476 1697 porri
494 1623 525 1677 et
542 1613 651 1677 ciceris
669 1613 771 1676 refero
787 1612 954 1697 laganique
974 1614 1134 1679 catinum.

335 1730 432 1771 coena
450 1708 641 1771 ministratur
658 1708 763 1792 pueris
781 1706 894 1784 tribus,
913 1717 944 1771 et
961 1707 1046 1793 lapis
1065 1709 1165 1775 albus

334 1801 448 1886 pocula
466 1825 538 1865 cum
556 1801 670 1886 cyatho
688 1802 752 1866 duo
770 1801 916 1878 sustinet3
936 1802 1045 1867 adstat
1062 1803 1203 1869 echinus

335 1896 420 1971 vilis,
440 1919 511 1959 cum
530 1906 639 1979 patera
655 1906 778 1982 guttus,
798 1894 963 1980 Campana
980 1897 1143 1981 supellex.

335 1991 447 2054 deinde
466 2014 503 2054 co
522 1991 704 2067 dormitum,
724 2014 786 2054 non
804 1990 954 2054 sollicitus
973 1991 1054 2056 mihi
1071 1993 1165 2074 quod
1183 2015 1252 2057 cras

269 2102 317 2150 111
335 2086 526 2170 surgendum
547 2086 587 2149 sit
604 2107 710 2162 mane,
728 2084 892 2149 obeundus
909 2083 1059 2169 Marsya,
1077 2086 1138 2169 qui
1157 2110 1193 2152 se

334 2179 456 2242 tultum
474 2180 555 2243 ferre
573 2188 668 2265 negat
684 2178 857 2243 Noviorum
874 2201 968 2263 posse
985 2180 1133 2245 minoris.

335 2274 376 2337 ad
393 2284 536 2356 quartam
553 2274 656 2352 iace03
674 2283 747 2358 post
763 2273 845 2337 hauc
861 2295 973 2359 vagor,
993 2284 1050 2338 aut
1068 2297 1148 2361 ego,
1168 2275 1249 2340 lecto

335 2378 389 2430 aut
407 2368 522 2453 scripto
540 2368 625 2450 quod
643 2390 694 2431 me
712 2368 841 2431 tacitum
858 2367 958 2444 iuvet,
977 2390 1084 2453 ungor
1102 2370 1202 2446 olivo,

334 2484 398 2524 non
415 2483 478 2543 quo
496 2462 649 2526 fraudatis
667 2461 847 2525 immundus
865 2460 960 2526 Natta
976 2460 1129 2527 lucernis.

269 2576 317 2623 125
335 2567 384 2620 ast
401 2557 456 2621 ubi
473 2580 524 2621 me
542 2557 663 2621 fessum
681 2558 730 2621 sol
747 2556 847 2620 acrior
864 2557 908 2620 ire
925 2556 1066 2621 lavatum

334 2652 510 2728 admonuit,
530 2651 618 2738 fugio
637 2673 783 2735 campum
801 2650 967 2734 lusumque
985 2651 1155 2738 trigonem.

334 2767 467 2829 pransus
485 2769 548 2809 non
566 2747 672 2823 avide,
691 2755 842 2830 quantum
861 2745 1035 2829 interpellet
1052 2746 1143 2809 inani

334 2850 441 2904 ventre
460 2841 542 2903 diem
561 2842 686 2917 durare,
705 2840 896 2904 domesticus
914 2840 1002 2904 otior.
1021 2840 1103 2904 haec
1121 2851 1173 2905 est

334 2933 398 2997 vita
417 2934 589 2998 solutorum
607 2936 722 2999 misera
740 2934 908 2998 ambitione
926 2934 1093 3019 gravique:

269 3048 316 3094 130
335 3028 384 3091 his
403 3051 453 3092 me
472 3028 615 3093 consolor
633 3030 789 3093 victurum
809 3029 936 3092 suavius
955 3050 992 3091 ac
1011 3029 1038 3092 si

333 3133 481 3205 quaestor
499 3146 576 3186 avus
595 3133 684 3207 pater
702 3134 796 3206 atque
814 3145 903 3187 meus
921 3132 1116 3206 patruusque
1134 3124 1258 3187 suisset.

710 3368 891 3427 SATIRA
914 3367 988 3425 VII.

332 3498 504 3583 Proscripti
522 3499 620 3584 Regis
637 3498 746 3583 Rupili
763 3522 823 3584 pus
842 3509 936 3582 atque
953 3520 1110 3562 venenum

332 3592 465 3676 hybrida
482 3616 544 3676 quo
563 3604 654 3677 pacto
674 3595 714 3657 sit
730 3593 860 3658 Persius
878 3594 977 3671 ultus,
996 3592 1107 3677 opinor

333 3686 477 3750 omnibus
496 3697 526 3751 et
543 3688 637 3773 lippis
656 3698 765 3751 notum
784 3698 815 3751 et
833 3687 1010 3752 tonsoribus
1030 3709 1111 3750 esse.

332 3779 461 3843 Persius
480 3781 532 3844 hic
549 3804 721 3867 permagna
738 3781 865 3867 negotia
882 3782 970 3845 dives
988 3780 1126 3845 habebat

298 3895 313 3940 5
333 3872 547 3952 Clazomenis,
567 3876 660 3939 etiam
677 3875 748 3940 lites
767 3898 840 3940 oum
857 3876 946 3961 Rege
965 3875 1129 3952 molestas3

332 3969 428 4032 durus
447 3969 541 4033 homo
560 3980 652 4051 atque
672 3970 743 4033 odio
761 3971 814 4054 qui
832 3980 939 4054 posset
958 3969 1082 4033 vincere
1099 3968 1235 4055 Regem,

333 4063 506 4140 confidens,
526 4065 679 4140 tumidus,
698 4064 777 4127 adeo
796 4063 947 4128 sermonis
967 4061 1073 4138 amari,

333 4155 498 4234 Sisenms,
518 4158 634 4222 Barros
652 4168 688 4222 ut
705 4159 793 4242 equis
812 4167 1023 4243 praecurreret
1041 4156 1131 4221 albis.

331 4253 371 4313 ad
390 4252 511 4336 Regem
529 4254 632 4316 redeo.
650 4263 818 4338 postquam
836 4252 913 4316 nihil
930 4252 1010 4316 inter
1027 4261 1195 4333 utrumque

283 4362 314 4407 10
332 4344 490 4406 convenit:
509 4345 570 4408 hoc
588 4347 701 4409 etenim
721 4356 794 4410 sunt
812 4368 921 4411 omnes
940 4347 1006 4410 iure
1025 4344 1158 4421 molesti,

331 4456 393 4516 quo
412 4438 523 4512 sortes,
542 4438 657 4520 quibus
676 4441 844 4505 adversmn
862 4440 979 4505 bellum
997 4440 1119 4503 incidit:
1138 4438 1220 4501 inter
