3225 5442
634 661 994 741 quonammodo

668 938 868 1003 CARMEN
889 940 951 998 111.

393 1087 443 1135 nn
464 1084 598 1133 uavnu
617 1081 775 1133 vrrcrnrr
792 1080 973 1131 arnonas
993 1080 1251 1134 racemorum.

409 1208 464 1275 Sic
482 1219 513 1274 te
530 1209 603 1273 diva
620 1221 731 1293 potens
750 1207 859 1293 Cypri,

451 1303 497 1368 sic
514 1303 626 1368 fratres
644 1303 802 1378 Helenae,
820 1300 925 1365 lueida
943 1301 1054 1377 sidera,

409 1406 636 1479 ventorumque
653 1403 742 1482 regat
759 1403 849 1479 pater

451 1490 607 1574 obstrictis
625 1490 693 1554 aliis
711 1498 834 1574 praeter
851 1487 982 1573 Iapyga,

408 1628 512 1705 navis,
531 1648 611 1709 quae
630 1625 687 1689 tibi
705 1626 858 1689 creditum

451 1721 548 1785 debes
566 1719 748 1805 Virgilium:
767 1718 883 1782 finibus
902 1716 1019 1781 Atticis

408 1815 521 1878 reddas
539 1813 741 1888 incolumem,
759 1834 880 1896 precor,

454 1917 484 1971 et
503 1929 609 1972 serves
628 1906 749 1969 animae
767 1906 932 1969 dimidium
948 1928 1047 1970 meac.

408 2044 454 2107 illi
470 2042 565 2108 robur
582 2052 613 2106 et
631 2066 684 2108 aes
703 2043 816 2128 triplex

454 2138 536 2201 circa
553 2146 663 2222 pectus
682 2146 762 2215 erat,
782 2138 836 2220 qui
854 2136 999 2222 fragilem
1017 2136 1097 2200 truci

410 2231 566 2295 commisit
582 2230 695 2316 pelago
712 2241 814 2294 ratem

450 2325 584 2409 primus,
604 2347 663 2389 nec
681 2324 784 2388 timuit
801 2324 1004 2409 praecipitem
1020 2321 1169 2386 Africum
1241 2390 1244 2395 ,

409 2461 620 2525 decertantem
637 2459 860 2542 Aquilonibus,

452 2576 510 2618 nec
527 2555 631 2619 tristes
650 2554 798 2639 Hyadas,
817 2576 876 2618 neo
892 2553 1012 2618 rabiem
1028 2552 1112 2625 Noti,

410 2669 472 2730 quo
490 2671 553 2712 non
571 2648 687 2712 arbiter
704 2648 845 2713 Hadriae

283 2736 285 2740 ’
451 2743 564 2820 maior,
583 2742 691 2807 tollere
710 2765 766 2808 seu
783 2764 899 2827 ponere
917 2741 985 2804 vult
1003 2740 1091 2804 freta.

409 2901 505 2961 quem
522 2879 630 2943 mortis
649 2878 751 2942 timuit
769 2878 912 2964 gradum,

453 2972 508 3055 qui
526 2972 617 3036 siccis
636 2972 734 3036 oculis
753 2981 892 3035 monstra
909 2971 1057 3046 natantia,

410 3066 464 3148 qui
481 3065 559 3129 vidit
576 3088 662 3129 marc
681 3064 840 3130 turbidum
859 3074 889 3128 et
953 3102 956 3108 ·

453 3159 586 3224 infames
606 3160 751 3244 scopulos
770 3156 1023 3222 Acroceraunia?

279 3324 292 3330 ·
409 3295 621 3379 nequidquam
640 3297 718 3359 deus
737 3296 872 3360 abscidit

450 3391 588 3473 prudens
609 3387 739 3453 Oceano
757 3388 949 3454 dissociabili

411 3493 522 3559 terras,
543 3484 570 3547 si
588 3491 692 3546 tamen
710 3484 825 3569 impiae

453 3595 517 3641 non
534 3576 692 3661 tangenda
709 3587 792 3642 rates
812 3578 989 3643 transiliunt
1007 3578 1097 3642 vada.

289 3754 296 3765 -
410 3713 514 3776 audax
531 3712 637 3777 omnia
654 3714 776 3798 perpeti

452 3828 531 3891 gens
549 3805 687 3872 humana
704 3808 766 3872 ruit
783 3830 840 3893 per
858 3808 988 3872 vetitum
1006 3806 1094 3871 nefas
1103 3831 1112 3884 ;

410 3900 515 3964 audax
532 3900 635 3985 Iapeti
652 3924 753 3986 genus

453 3993 559 4079 ignem
577 3994 689 4059 fraude
706 3995 790 4059 mala
806 3993 953 4080 gentibus
972 3994 1084 4058 intulit.

410 4140 482 4215 post
499 4131 606 4217 ignem
624 4131 761 4196 aetheria
779 4131 872 4195 domo

455 4224 645 4290 subductum
661 4225 777 4290 macies
797 4235 828 4290 et
845 4247 927 4290 nova
945 4224 1080 4290 febrium

411 4319 500 4382 terris
517 4319 660 4383 incubuit
679 4318 800 4396 cohors,

455 4412 627 4494 semotique
644 4412 731 4496 prius
749 4412 838 4476 tarda
855 4412 1025 4477 necessitas
