3225 5442
345 717 435 762 LXVI
730 719 769 759 DE
788 720 857 760 VITA
874 719 912 765 ΕΤ
930 718 1052 760 scmus

345 838 431 886 antea
449 831 542 884 animo
563 846 646 884 susce
666 834 739 897 tum,
758 828 884 884 laetitiae
904 847 987 901 quam
1002 830 1089 899 epodi
1102 834 1196 899 atque
1213 831 1354 886 carmina
1366 831 1452 886 melica

344 900 493 971 indulgere
511 898 619 968 coepit,
642 846 677 951 Xe
696 897 791 950 futuro
810 898 883 952 bene
903 906 931 952 et
945 898 1011 952 olim
1026 915 1137 967 semper
1149 898 1343 966 placuerunt
1356 900 1451 971 sapien·

345 968 477 1038 speravit,
489 968 611 1039 denique
620 966 694 1019 vitae
705 966 778 1019 bene
787 966 883 1019 beate·
902 967 977 1020 tibus
997 972 1026 1021 et
1043 983 1110 1020 vero
1131 966 1226 1021 ctiam
1250 974 1378 1037 postero
1395 975 1450 1023 tem·

345 1054 399 1107 que
410 1036 558 1107 degendae
565 1033 787 1104 opportunitate,
795 1051 882 1153 quan·
901 1052 969 1103 pore
979 1035 1142 1104 placebunt.

344 1112 402 1158 tum
412 1104 511 1174 potuit,
521 1121 590 1156 usus
601 1109 652 1157 est.
688 1101 732 1155 Ac
743 1103 803 1154 simi
818 1103 883 1156 lima
926 1102 1021 1173 Atque
1032 1121 1094 1155 cum
1105 1102 1235 1157 haceius
1246 1110 1377 1159 naturae
1386 1104 1449 1173 inge-

343 1174 437 1227 animo
456 1173 541 1226 etiam
554 1170 662 1241 ingenii
675 1187 710 1224 ae
723 1169 825 1223 mentis
842 1171 882 1223 in·
901 1172 997 1241 niique
1007 1171 1102 1224 indole
1117 1172 1291 1227 arctissime
1309 1173 1448 1227 coniuncta

344 1241 497 1295 dolesfuit.
516 1241 588 1294 Nam
599 1256 684 1309 quum
694 1238 802 1292 acriore
814 1256 881 1308 quo·
902 1247 967 1292 sunt
984 1240 1077 1301 etiam,
1085 1238 1179 1308 ipsius
1199 1240 1319 1295 iudicia
1339 1242 1375 1295 de
1388 1242 1447 1294 vitae

344 1310 408 1363 dam
427 1326 513 1362 sensu
530 1308 589 1361 veri
606 1310 732 1377 rectique
750 1307 881 1375 polleret,
900 1314 976 1362 recte
990 1308 1208 1377 prudenterque
1221 1309 1383 1379 degendae
1396 1309 1447 1362 rati·

342 1377 496 1431 tumetiam
530 1375 653 1445 roprium
668 1374 723 1442 ipsi
736 1375 790 1427 fuit
802 1375 881 1444 inge·
901 1393 964 1429 one.
1000 1375 1215 1444 Saepenumero
1236 1394 1256 1430 a
1277 1378 1351 1431 viris
1370 1377 1447 1431 doctis

342 1446 428 1512 nium,
447 1394 528 1514 quod
541 1444 662 1496 maxima
678 1443 817 1497 facilitate
835 1460 881 1496 res
901 1443 1028 1513 quaestio
1040 1444 1149 1513 agitata
1159 1450 1210 1497 est
1220 1445 1258 1499 de
1270 1446 1390 1500 Horatii
1398 1445 1446 1526 phi-

342 1529 479 1581 perquam
494 1511 619 1564 diversas
635 1518 758 1581 caperet,
776 1517 880 1563 tracta·
901 1511 1039 1581 losophia.
1066 1512 1122 1566 Alii
1132 1529 1200 1565 eum
1210 1513 1446 1583 feceruntEprcu·

342 1585 394 1647 ret,
413 1580 525 1647 poetice
543 1580 699 1633 intueretur
717 1587 803 1648 atque
817 1579 880 1631 illu·
899 1597 990 1649 reum,
1010 1579 1057 1634 alii
1072 1578 1218 1648 Stoicum,
1239 1581 1296 1636 alii
1309 1582 1445 1637 Academi-

344 1652 454 1701 straret.
490 1647 679 1710 Quamobrem
698 1664 749 1716 pro
773 1655 881 1716 tempo·
900 1665 970 1715 cum,
986 1648 1033 1701 alii
1048 1648 1292 1718 Peripateticum,
1310 1652 1361 1705 alii
1375 1649 1445 1705 etiam

342 1733 404 1768 rum
422 1715 585 1769 diversitate
607 1732 745 1787 perquam
768 1715 881 1769 diversa
900 1716 1092 1785 Cyrenaicum,
1104 1715 1153 1785 qui
1163 1733 1197 1769 se
1210 1724 1309 1771 totum
1320 1719 1407 1773 Aristi
1423 1717 1444 1787 pi

343 1782 536 1852 coluitpoesis
546 1799 660 1852 genera,
680 1789 765 1853 atque
779 1783 820 1837 ita
835 1800 880 1836 eo·
900 1784 1044 1838 doctrinae
1056 1791 1085 1837 et
1094 1784 1203 1837 rationi
1214 1786 1390 1842 dedidisset
1407 1737 1444 1841 bi-

341 1851 441 1919 luit,ut
450 1852 479 1903 in
489 1867 662 1920 unoquoque
672 1869 791 1921 magnus
802 1851 879 1904 etin·
898 1852 996 1905 mirum
1005 1857 1125 1906 noverat
1135 1869 1207 1906 sane
1220 1854 1370 1909 Horatius
1379 1854 1444 1909 varia

342 1920 440 1989 signis,
459 1937 494 1972 ne
508 1919 653 1988 perfectus
668 1920 803 1987 dicamus,
823 1920 879 1972 exi·
899 1920 1038 1973 variorum
1047 1920 1445 1992 philosophorumplacitaut

342 1995 437 2041 steret.
472 1988 545 2043 Nam
564 1988 640 2057 quod
662 1988 761 2057 paucis
778 1993 880 2041 morta-
898 1988 1443 2061 modoStoicepbilosophatussitmodo

342 2057 410 2109 lium
420 2074 437 2109 a
447 2056 649 2109 naturadatum
659 2061 711 2123 est,
723 2061 753 2107 ut
762 2055 880 2109 inhilarr'
898 2057 1132 2110 Academicorum
1155 2074 1188 2110 sa
1212 2058 1339 2114 ientiam
1356 2060 1443 2130 proba·

341 2142 376 2178 ac
385 2125 466 2193 tristi,
477 2125 506 2177 in
515 2125 614 2177 iocoso
626 2141 659 2177 ae
670 2124 814 2190 severo,in
825 2124 879 2177 levi
899 2125 978 2192 verit,
993 2126 1077 2177 modo
1093 2124 1177 2179 etiam
1209 2126 1407 2206 ‘picureorum
1422 2133 1444 2179 et

342 2201 372 2247 et
386 2194 486 2263 grandi
500 2192 595 2261 poesis
610 2208 714 2261 genere
729 2192 879 2259 excellant,
899 2192 1308 2263 Cyrenaicorumdisoiplrnam
1315 2198 1442 2267 amplexus

342 2262 471 2315 oratione
486 2261 570 2315 etiam
586 2260 705 2329 siugulis
719 2260 816 2329 poesis
831 2277 878 2339 ge·
899 2262 1037 2315 videatur.
1064 2261 1104 2314 At.
1120 2260 1195 2314 enim
1216 2280 1291 2319 vero
1312 2266 1389 2320 idem
1404 2265 1442 2317 ille

341 2330 457 2383 neribus
477 2329 608 2382 sollerter
625 2330 775 2397 adaptata;
794 2328 823 2380 id
838 2328 879 2380 rlli
898 2348 956 2382 uon
966 2329 1106 2383 dubitavit
1115 2327 1264 2385 Stoicidae
1276 2334 1443 2388 acerbosale

343 2397 466 2449 omnium
478 2396 564 2450 cessit
593 2397 773 2465 rosperrirne,
792 2403 825 2449 ut
834 2386 1062 2484 vix'perfricare,
1077 2398 1143 2450 dum
1153 2397 1221 2451 aliis
1236 2400 1315 2454 locis
1327 2417 1441 2456 severam

342 2465 472 2517 omuibus
487 2414 608 2517 saeculis
626 2483 713 2517 unum
726 2467 879 2518 alterumve
899 2467 1058 2519 btoicorum
1081 2482 1288 2535 germanorum
1313 2470 1442 2524 rationem

341 2539 455 2612 poetam
478 2532 664 2601 reperiamus,
684 2533 731 2603 qui
751 2534 788 2586 ad
805 2533 880 2585 hanc
900 2552 932 2588 ex
943 2535 1035 2587 animo
1045 2535 1162 2602 probat,
1176 2534 1271 2589 irrisit
1280 2538 1441 2592 itemsubin-

340 2600 430 2669 rpsius
457 2600 589 2653 virtutem
619 2607 648 2655 ct
677 2601 879 2670 praestantiam
899 2603 934 2656 de
953 2602 1079 2672 argutias
1093 2618 1126 2655 ac
1142 2602 1328 2659 subtilitates
1343 2606 1440 2663 Acade·

342 2669 549 2737 comparandus
560 2668 604 2735 sit,
619 2670 784 2737 praesertim
795 2687 880 2740 quum
898 2671 1033 2724 micorum
1047 2676 1076 2723 et
1088 2667 1369 2742 Peripateticorum,
1387 2675 1440 2727 dum

341 2736 390 2790 ille
400 2736 484 2789 etiam
495 2736 560 2789 trita
566 2737 611 2789 via
620 2738 720 2791 relicta
726 2755 801 2792 nova
811 2754 879 2791 sem·
899 2739 961 2792 aliis
972 2739 1043 2791 locis
1052 2738 1177 2808 ingenue
1187 2739 1312 2810 fatetur,
1320 2741 1385 2797 s'ese
1394 2740 1440 2794 illis

340 2822 393 2874 per
402 2805 558 2858 excoluerit
567 2806 662 2884 poesis
672 2824 786 2875 genera.
812 2805 879 2859 Sed
899 2807 1002 2861 debere
1012 2807 1174 2876 plurimum3
1192 2808 1351 2875 professus
1362 2811 1440 2865 estle-

341 2891 403 2926 cum
418 2873 576 2926 admirabilr
591 2875 646 2927 ista
664 2874 748 2927 animi
762 2873 880 2943 ingenii·
899 2876 973 2943 pide,
990 2892 1019 2929 se
1033 2875 1167 2944 pinguem
1182 2880 1212 2928 et
1232 2877 1359 2932 nitidum
1377 2880 1439 2933 bene

342 2958 396 3011 que
416 2942 553 2996 varietate
572 2949 601 2995 et
620 2943 702 3011 quasi
722 2943 879 2996 mobilitate
899 2948 997 2997 curata
1007 2950 1071 2997 cute
1082 2949 1272 3011 conspectum
1287 2947 1324 2999 iri
1335 2944 1440 3017 Epicuri

341 3011 492 3064 coniuncta
501 3010 531 3062 in
540 3010 601 3080 ipso
616 3010 671 3063 fuit
684 3011 768 3064 etiam
783 3012 878 3064 mode·
899 3012 934 3065 de
953 3028 1040 3081 grege
1059 3028 1185 3080 porcum,
1205 3013 1278 3066 dum
1297 3015 1366 3068 aliis
1379 3013 1440 3069 locis

338 3079 412 3132 ratio
424 3081 562 3159 quaedam
573 3096 606 3132 ac
616 3079 812 3148 temperantia,
843 3096 880 3131 ua
897 3080 1111 3148 temperantiam
1126 3084 1155 3132 et
1168 3079 1246 3134 vitae
1267 3082 1439 3137 mediocrita-

339 3165 375 3201 ne
387 3147 440 3201 sibr
452 3148 566 3201 nimium
582 3146 738 3200 confideret
751 3157 801 3201 aut
815 3096 879 3216 plus
899 3153 954 3200 tem
977 3153 1120 3217 tamquam
1143 3149 1262 3202 unicum
1281 3151 1394 3205 fontem
1413 3166 1440 3203 ac

339 3216 415 3269 iusto
434 3217 604 3285 indulgeret,
624 3216 669 3269 vel
688 3215 773 3269 etiam
786 3232 878 3269 rerum
887 3232 889 3298 q
899 3215 1064 3284 principium
1075 3231 1158 3269 verae
1168 3216 1246 3271 vitae
1257 3218 1439 3273 felicitatisac

340 3290 518 3338 externarum
535 3284 642 3337 nullam
661 3285 777 3338 duceret
795 3283 878 3336 ratio·
900 3284 1042 3337 beatitatis
1061 3283 1228 3354 gravissime
1250 3288 1439 3352 commendas

339 3367 416 3419 nem,
436 3352 534 3420 utique
553 3358 665 3404 cautum
679 3352 741 3405 fuit.
777 3354 878 3415 Quam·
898 3352 1020 3421 denique
1032 3352 1439 3425 secundumAristippumsesc

340 3420 439 3471 obrem
457 3420 485 3470 in
501 3419 576 3470 omni
590 3420 648 3472 vita
665 3420 756 3473 tenuit
772 3420 878 3473 medio·
898 3421 1044 3488 professus
1055 3421 1152 3474 ebtres
1163 3420 1298 3488 sibi,non
1309 3424 1439 3486 serebas,

341 3488 478 3552 critatem,
489 3487 517 3538 in
527 3485 608 3553 poesi
619 3492 710 3540 autem
720 3488 879 3541 factitanda
899 3489 1068 3558 subiungere
1080 3488 1184 3557 conari,
1196 3506 1287 3557 quum
1298 3498 1395 3546 tamen
1404 3508 1438 3543 re·

339 3553 380 3606 ita
394 3553 449 3605 sibi
462 3554 638 3621 temperavit,
653 3559 685 3605 ut
699 3572 733 3608 ne
748 3572 879 3625 umquam
898 3574 964 3611 vera
977 3556 1151 3625 temporibus
1165 3574 1224 3610 non
1238 3575 1301 3612 uno
1311 3559 1440 3614 modoin-

339 3626 470 3687 tentaret,
477 3621 658 3740 quodvirium
666 3626 878 3677 suarummodu-
898 3625 1027 3679 serviisse
1038 3624 1204 3694 reperiatur.
1232 3625 1379 3681 Nimirum
1390 3643 1440 3681 non

340 3689 397 3741 lum
407 3705 475 3742 exce
497 3705 544 3742 ere
554 3688 705 3743 videretur.
737 3693 799 3754 Quo
811 3693 879 3745 faci·
898 3693 952 3745 fuit
960 3693 1096 3746 Horatius
1110 3709 1234 3762 unquam
1250 3696 1308 3749 ulli
1321 3696 1439 3776 philoso-

340 3756 395 3810 lius
407 3757 492 3810 etiam
506 3757 628 3810 adscivit
641 3759 833 3813 urbanitatem
847 3761 878 3813 il·
898 3762 1016 3830 phorum
1027 3761 1192 3829 disciplinae
1203 3762 1244 3815 ita
1256 3765 1402 3830 addictus,
1414 3768 1440 3815 ut

340 3826 410 3893 lam,
439 3842 495 3896 qua
521 3826 566 3879 vel
593 3826 712 3880 maxime
735 3829 878 3898 excelluit,
898 3830 965 3884 seei
979 3835 1069 3883 totum
1083 3828 1270 3897 manciparet.
1305 3833 1363 3896 Qui
1377 3830 1438 3885 illud

341 3911 452 3965 quaque
463 3893 878 3967 etiamaequalibussuisatque
897 3898 992 3966 potius
1002 3897 1438 3971 pertotamvitamsequutusest,

338 3963 461 4034 posteris
482 3962 556 4016 omni
572 3969 666 4017 aetate
686 3965 800 4034 egregie
820 3967 878 4034 pla·
897 3972 928 4018 ut
940 3984 1050 4035 semper
1065 3984 1143 4019 suam
1153 3965 1209 4019 sibi
1218 3971 1353 4022 tueretur
1362 3966 1438 4022 animi

339 4033 406 4087 cuit.
441 4031 534 4103 Atque
553 4032 625 4085 haec
639 4032 738 4086 eadem
752 4034 879 4087 modera-
898 4034 1066 4088 libertatem.
1103 4034 1267 4103 Diligenter
1291 4043 1389 4091 autem
1405 4042 1437 4088 te

338 4102 378 4155 tio
389 4102 473 4157 etiarn
483 4100 584 4169 effecit,
595 4107 628 4153 ut
636 4118 689 4154 nee
698 4101 809 4154 invitiis
821 4119 879 4155 ear·
897 4104 1019 4156 nendum
1030 4108 1209 4167 est,mentem
1219 4102 1283 4157 eius
1293 4106 1438 4159 rationem·

338 4171 440 4238 pendis
459 4175 536 4223 esset
554 4169 753 4238 intemperans,
773 4186 827 4223 nec
850 4170 879 4223 in
898 4188 951 4241 que
966 4189 1055 4241 usque
1070 4171 1157 4225 fuisse
1172 4170 1274 4239 talem,
1293 4188 1438 4243 quaecum

338 4238 489 4292 virtutibus
496 4239 722 4292 commendandis
732 4238 877 4306 molestus,
897 4240 973 4293 bono
993 4248 1022 4293 et
1035 4240 1155 4293 honesto
1170 4238 1245 4293 bene
1261 4242 1437 4296 consisteret

338 4308 430 4360 necin
440 4306 779 4375 laudibuspraedicandis
789 4307 876 4426 turfi·
895 4308 996 4377 Itaque
1015 4308 1105 4377 Epist.
1120 4307 1142 4360 Ι,
1158 4308 1186 4374 1,
1202 4307 1235 4359 11
1248 4325 1315 4378 sqq.
1330 4310 1394 4379 ipse
1407 4308 1436 4361 de

339 4375 392 4426 dus
406 4380 456 4427 aut
469 4374 592 4441 humilis,
611 4391 665 4428 nec
680 4376 802 4443 denique
816 4393 835 4427 u
848 4375 875 4428 lo
896 4393 939 4429 se:
960 4377 1026 4436 Quid
1037 4394 1124 4429 oerum
1138 4384 1215 4444 etque
1228 4378 1333 4442 decens,
1347 4384 1436 4431 euroet

338 4440 368 4493 in
395 4458 499 4510 genere
530 4441 640 4493 nimius.
685 4442 875 4505 Quamobrem
894 4445 1437 4514 roqaetomnisr'nbocsum.-Acacforte

339 4514 396 4561 tam
419 4509 522 4561 satirae
546 4509 606 4562 eius
628 4516 713 4578 atque
735 4509 874 4578 epistolae
892 4530 980 4582 repes,
1003 4531 1053 4583 qao
1072 4530 1111 4565 me
1124 4514 1199 4577 duce,
1218 4530 1270 4583 quo
1287 4516 1348 4569 lore
1362 4523 1436 4574 tutem
