3225 5442
307 692 368 753 122
632 701 665 766 Q.
683 700 847 755 HORATH
860 700 999 757 FLAOCI

583 1222 624 1295 o.
647 1179 858 1281 nourrii
881 1224 1058 1285 ueloci
1104 1197 1121 1224 ’

436 1415 1207 1535 SATIRARUM

655 1666 788 1719 LIBER
805 1666 984 1722 PRIMUS.

701 1940 881 1999 SATIRA
904 1940 932 1997 I.

306 2080 370 2162 Qui
387 2080 435 2158 fit,
454 2079 638 2155 Maecenas,
657 2089 691 2141 ut
709 2102 816 2156 nemo,
835 2102 930 2163 quam
949 2080 1008 2145 sibi
1027 2100 1145 2146 sortem

305 2197 362 2238 seu
378 2173 456 2237 ratio
475 2173 593 2235 dederit
613 2195 669 2236 seu
687 2173 751 2237 fors
770 2173 930 2251 obiecerit,
950 2173 1002 2237 illa

305 2277 468 2332 contentus
487 2268 585 2343 vivat,
604 2267 710 2330 laudet
727 2268 852 2331 diversa
870 2269 1058 2349 sequentes?

306 2385 344 2440 „o
362 2362 511 2426 fortunati
529 2359 755 2425 mercatoresl“
774 2361 880 2445 gravis
898 2362 988 2425 annis

271 2484 285 2528 5
303 2456 393 2519 miles
412 2455 468 2532 ait,
488 2454 585 2518 multo
603 2454 666 2517 iam
684 2453 801 2517 sraetus
820 2455 960 2518 membra
978 2455 1093 2520 labore.

304 2561 411 2616 eontra
428 2558 593 2623 mercator,
613 2548 718 2611 navim
735 2548 922 2613 iactantibus
941 2550 1068 2613 austris:

306 2644 434 2725 „militia
452 2651 499 2706 est
516 2642 630 2726 potior!
651 2643 727 2724 quid
744 2643 847 2705 enim?
865 2645 1070 2707 concurritur:
1090 2645 1187 2710 horae

304 2748 462 2804 momento
480 2738 542 2800 cita
559 2759 643 2800 mors
661 2736 746 2799 venit
764 2745 818 2800 aut
835 2738 966 2801 victoria
981 2738 1093 2803 laeta.“

304 2833 473 2919 agricolam
491 2831 597 2893 laudat
614 2830 689 2893 iuris
707 2830 875 2915 legumque
893 2833 1020 2915 peritus,

256 2950 285 2995 10
304 2926 362 2991 sub
381 2926 456 3010 galli
474 2936 599 2987 cantum
618 2924 775 2987 consultor
791 2924 848 2988 ubi
865 2926 945 2989 ostia
962 2926 1076 3010 pulsat.

303 3021 371 3096 ille,
391 3019 472 3083 datis
492 3018 622 3080 vadibus
640 3018 694 3099 qui
713 3040 782 3081 rure
801 3029 958 3082 extractus
977 3020 1010 3081 in
1027 3020 1139 3085 urbem
1158 3032 1214 3100 est,

304 3114 387 3178 solos
406 3112 512 3176 felices
531 3112 671 3174 viventes
690 3112 803 3174 clamat
820 3113 852 3174 in
870 3112 956 3176 mbo.

304 3218 407 3270 cetera
424 3206 463 3268 de
481 3227 595 3289 genere
613 3205 686 3280 hoc,
707 3205 784 3268 adeo
804 3215 877 3268 sunt
894 3206 1005 3280 multa,
1024 3207 1190 3289 loquacem

304 3301 460 3364 delassare
478 3299 583 3361 valent
600 3298 628 3361 F
629 3298 744 3361 abium.
763 3321 802 3362 ne
821 3310 984 3376 temeror,
1003 3301 1077 3363 audi

254 3415 285 3459 15
304 3416 366 3475 quo
384 3416 449 3455 rem
468 3393 630 3455 deducam.
651 3392 677 3454 si
695 3392 765 3473 quis
784 3394 877 3469 deus,
898 3415 957 3471 „en
975 3397 1069 3478 ego,“
1089 3395 1184 3471 dicat,

305 3488 386 3563 „iam
404 3486 517 3548 faciam
536 3487 621 3567 quod
638 3485 746 3549 vultis:
766 3487 826 3550 eris
846 3495 892 3563 tu,
912 3487 965 3569 qui
983 3488 1076 3551 modo
1094 3488 1196 3565 miles,

303 3589 468 3656 mercator3
488 3590 534 3655 tn,
554 3580 715 3643 consultus
733 3582 840 3657 mod0‚
859 3582 1009 3645 rusticus:
1028 3582 1101 3645 hinc
1119 3606 1187 3659 vos,

304 3697 359 3737 vos
378 3674 450 3736 hine
468 3675 594 3737 mutatis
614 3675 763 3738 discedite
781 3676 931 3759 partibus.
951 3675 1014 3738 cia!

303 3768 379 3851 quid
397 3768 527 3831 statis?“
547 3808 588 3814 —
606 3770 713 3833 nolint.
733 3770 819 3852 atqui
837 3770 909 3834 lieet
927 3792 997 3833 esse
1015 3770 1125 3834 beatis.

252 3882 285 3942 20
303 3862 379 3944 quid
396 3884 527 3926 caussae
545 3872 607 3939 est,
626 3863 736 3927 merito
754 3865 829 3945 quin
847 3864 907 3927 illis
925 3864 1066 3947 Iuppiter
1084 3864 1194 3929 ambas

302 3957 398 4021 iratus
418 3958 532 4022 buccas
551 3958 650 4034 inflet,
670 3981 771 4041 neque
790 3981 824 4023 se
842 3959 909 4023 fore
926 3959 1058 4042 posthac

302 4060 366 4114 tam
384 4051 508 4115 facilem
527 4053 623 4128 dicat,
642 4053 723 4116 votis
741 4064 776 4115 ut
793 4053 941 4137 praebeat
959 4054 1085 4117 aurem?

301 4157 462 4229 practerea
544 4168 584 4209 ne
603 4146 647 4210 sie
666 4148 770 4229 utqui
788 4147 936 4211 iocularia
954 4148 1057 4212 ridens

301 4261 479 4323 percurram
498 4280 538 4286 -
557 4262 746 4323 quamquam
764 4241 917 4305 ridentem
935 4241 1037 4305 dicere
1056 4263 1165 4304 verum

252 4350 284 4397 25
303 4333 378 4414 quid
395 4334 499 4398 vetat?
516 4344 550 4396 ut
567 4335 672 4418 pueris
691 4334 764 4397 olim
783 4334 859 4398 dant
877 4335 1015 4399 crustula
1033 4334 1140 4399 blandi

303 4426 459 4503 doctores,
479 4427 631 4491 elementa
649 4428 743 4491 velint
761 4438 795 4491 ut
813 4429 932 4493 discere
949 4428 1050 4513 prima
1068 4467 1109 4475 —
