3225 5442
447 731 652 789 CARMINUM
669 732 745 787 LIB.
759 734 812 787 ΠΙ.

266 893 314 956 dis
332 901 362 955 te
381 890 533 954 minorem
550 890 635 972 quod
652 889 750 976 geris,
769 889 919 974 imperas;

264 986 337 1050 hinc
354 1006 446 1050 omne
464 983 664 1068 principium,
683 982 745 1046 hue
762 982 846 1047 refer
863 984 995 1048 exitum:

307 1079 338 1143 di
357 1078 454 1142 multa
472 1076 605 1163 neglecti
623 1077 776 1141 dederunt

348 1171 524 1257 Hesperiae
540 1172 624 1235 mala
641 1170 812 1235 luctuosae.

264 1310 326 1372 iam
344 1308 392 1373 bis
410 1306 574 1371 Monaesis
593 1317 624 1370 et
640 1305 755 1390 l'acori
772 1330 884 1371 manus

263 1424 326 1466 non
343 1401 521 1486 auspicatos
540 1400 681 1464 contudit
698 1399 833 1484 impetus

305 1505 442 1571 nostros,
462 1506 493 1558 et
510 1493 662 1559 adiecisse
679 1495 829 1578 praedam

348 1587 511 1671 torquibus
530 1586 653 1674 exiguis
669 1587 799 1652 renidet.

264 1738 362 1802 paene
380 1724 565 1800 occupatam
583 1714 787 1779 seditionibus

263 1809 376 1874 delevit
393 1808 503 1873 urbem
520 1808 632 1872 Dacus
650 1817 682 1872 et
698 1806 865 1893 Aethiops,

303 1903 354 1967 hic
371 1903 472 1967 classe
490 1901 690 1980 formidatus,
710 1902 763 1967 ille

346 1996 517 2061 missilibus
535 1995 645 2060 melior
662 1996 794 2081 sagittis.

261 2124 397 2188 fecunda
415 2124 526 2209 culpae
545 2124 651 2189 secula
668 2124 793 2209 nuptias

261 2218 394 2303 primum
413 2218 616 2301 inquinavere
633 2227 665 2282 et
682 2240 783 2304 genus
802 2229 833 2283 et
851 2220 977 2296 domos;

303 2311 363 2375 hoo
380 2311 466 2375 fonte
485 2311 624 2376 derivata
641 2311 747 2376 clades

344 2406 376 2469 in
394 2405 527 2490 patriam
544 2405 757 2490 populumque
774 2406 874 2471 fluxit.

261 2541 362 2596 motus
381 2531 485 2595 doceri
502 2532 620 2618 gaudet
638 2531 763 2597 Ionicos

260 2634 381 2689 matura
398 2625 488 2711 virgo
507 2635 539 2690 et
555 2625 684 2711 fingitur
701 2626 835 2691 artibus:

302 2720 365 2783 iam
382 2742 465 2783 nuno
484 2728 514 2784 et
531 2719 668 2785 incestos
687 2743 810 2785 amores

344 2814 383 2878 de
401 2824 507 2878 tenero
525 2814 693 2878 meditatur
709 2814 823 2901 ungui;

258 2964 333 3005 mox
350 2942 485 3006 iuniores
503 2942 624 3024 quaerit
642 2943 800 3008 adulteros

258 3035 338 3099 inter
355 3036 457 3100 mariti
474 3036 561 3113 vina,
579 3058 682 3121 neque
699 3037 795 3123 eligit,

302 3129 352 3192 cui
370 3130 464 3193 donet
481 3129 678 3213 impermissa
695 3131 809 3216 raptim

343 3223 460 3308 gaudia
476 3222 647 3289 luminibus
665 3225 803 3301 remotis,

259 3351 316 3415 sed
333 3351 421 3415 iussa
438 3372 543 3416 coram
561 3374 624 3416 non
643 3354 710 3416 sine
728 3353 854 3418 consei'o

259 3445 357 3531 surgit
374 3445 499 3523 marito,
519 3468 576 3510 seu
593 3446 686 3511 v'ooat
703 3447 826 3512 institor
921 3493 924 3499 ·

300 3560 357 3603 seu
375 3540 464 3604 navis
483 3539 647 3624 Hispanae
665 3542 824 3627 magster,

342 3634 531 3698 dedecorum
549 3635 705 3720 pretiosus
724 3647 832 3719 emtor.

257 3782 320 3824 non
336 3760 386 3825 his
405 3762 551 3826 iuventus
570 3772 642 3841 orta¹
655 3762 838 3847 parentibus

256 3853 365 3919 infecit
382 3878 500 3939 aequor
517 3857 670 3943 sanguine
687 3856 819 3934 Punico,

298 3947 519 4032 Pyrrhumque
537 3959 568 4013 et
585 3950 746 4036 ingentem
764 3950 876 4015 cecidit

341 4042 534 4108 Antiochum
551 4044 827 4127 Hannibalemque
847 4044 964 4121 dirum3

257 4173 313 4237 sed
329 4174 517 4239 rusticorum
537 4175 676 4239 mascula
694 4174 827 4237 militum
895 4171 898 4176 ’

254 4267 372 4352 proles,
393 4266 529 4334 Sabellis
548 4270 640 4334 docta
656 4267 814 4354 ligonibus

299 4384 423 4426 versare
441 4362 551 4448 glebas
570 4372 601 4427 et
619 4384 747 4428 severae
850 4354 856 4367 ’

341 4456 449 4520 matris
468 4458 509 4521 ad
526 4455 688 4521 arbitrium
705 4456 823 4522 recisos

1100 722 1143 787 59

1160 914 1176 959 5
