3225 5442
524 674 558 739 Q.
574 671 737 729 HORATII
750 672 895 734 FLACCI

344 831 529 917 Carthagini
547 831 608 894 iam
627 852 691 894 non
708 852 768 916 ego
786 832 917 896 nuntios

344 927 464 990 mittam
483 924 650 1010 superbos:
669 924 796 1002 occidit,
815 926 931 991 oceidit

386 1041 458 1106 spos
476 1020 578 1086 omnis
596 1028 628 1083 et
643 1019 770 1084 fortuna
785 1020 887 1084 nostri

428 1113 561 1178 nominis
580 1112 781 1177 Hasdrubale
797 1113 975 1179 interemto.

344 1250 387 1313 nil
406 1248 558 1313 Claudiae
575 1271 639 1312 non
655 1248 816 1333 perficient
834 1273 958 1327 manus,

343 1365 423 1427 quas
441 1352 473 1408 et
490 1342 627 1427 benigno
644 1342 772 1406 numine
789 1335 934 1428 Iuppiter

387 1436 528 1500 defendit
546 1446 577 1499 et
595 1457 687 1500 curae
706 1457 837 1521 sagaces

429 1530 599 1614 expediunt
615 1552 672 1614 per
689 1538 782 1594 acuta
799 1529 903 1594 belli.“
964 1560 971 1574 ·

579 1756 841 1815 GARMENV.

453 1896 934 1958 ,ruaudusrunu
999 1914 1005 1926 ·

322 2023 416 2087 Divis
435 2032 501 2088 orte
518 2022 624 2100 bouis,
642 2022 758 2106 optime
775 2022 931 2089 Romulae

323 2126 428 2181 custos
446 2116 559 2202 gentis,
578 2115 654 2180 abes
671 2116 735 2202 iam
751 2116 883 2181 nimium
901 2117 969 2192 diu3

324 2219 480 2274 maturum
497 2210 631 2274 reditum
648 2209 805 2294 pollicitus
823 2219 948 2294 patrum

387 2313 494 2367 sancto
513 2303 656 2379 coneilio,
675 2304 751 2367 redi.

322 2439 424 2503 lucem
441 2439 537 2503 redde
555 2448 642 2517 tuae,
661 2440 726 2502 dux
743 2438 838 2515 bone,
856 2440 990 2524 patriae,

305 2533 420 2596 instar
436 2532 519 2596 veris
537 2531 620 2596 enim
637 2532 742 2596 vultus
759 2532 816 2596 ubi
832 2541 905 2597 tuus

323 2616 442 2689 affulsit
457 2625 588 2709 populo,
607 2625 725 2711 gratior
741 2625 766 2689 it
782 2626 850 2689 dies

386 2729 417 2783 et
435 2719 517 2784 soles
535 2719 646 2784 melius
665 2720 772 2783 nitent.

268 2899 271 2906 ·
323 2868 358 2920 ut
376 2865 476 2921 mator
492 2858 651 2934 iuvenem,
670 2879 764 2941 quem
781 2858 882 2923 Notus
901 2859 1008 2923 inrido

323 2951 399 3014 flatu
418 2949 580 3034 Carpathii
597 2960 682 3014 trans
700 2950 794 3015 maris
813 2972 949 3033 aequora

322 3053 520 3107 cunctantem
538 3044 638 3127 spatio
655 3043 779 3129 longius
797 3067 901 3109 annuo

266 3186 269 3193 ,
386 3136 470 3200 dulei
488 3136 614 3200 distinet
631 3160 651 3200 a
669 3137 771 3214 domo,

323 3273 405 3339 votis
424 3272 641 3357 ominibusque
660 3284 691 3338 et
707 3273 853 3359 precibus
871 3285 972 3351 vocat,

291 3368 293 3373 ’
323 3389 418 3430 curvo
436 3388 493 3429 nec
511 3366 625 3430 faeiem
642 3367 731 3432 litore
749 3367 901 3445 dimovet3

324 3461 369 3524 sic
386 3460 548 3525 desideriis
566 3461 629 3524 iota
645 3461 790 3526 fidelibus

385 3554 506 3636 quaerit
522 3554 622 3638 patria
640 3554 819 3619 Caesarem.

323 3698 408 3774 tut-us
427 3690 484 3754 bos
503 3691 618 3755 etenim
635 3715 707 3756 rura
724 3687 929 3777 perambulat,

322 3785 418 3848 nutrit
435 3807 506 3850 rura
525 3784 623 3850 Ceres
641 3787 785 3870 almaque
802 3787 973 3864 Faustitas,

321 3888 468 3963 pacatum
485 3878 615 3943 volitant
632 3903 688 3965 per
705 3903 790 3945 mare
808 3881 942 3958 navitae,

387 3974 506 4059 culpari
523 3975 633 4038 metuit
649 3975 755 4053 Fides,

322 4111 416 4175 nullis
433 4111 581 4195 polluitur
598 4121 685 4176 casta
702 4114 815 4177 domus
834 4112 960 4197 stupris,

323 4227 391 4269 mos
409 4214 441 4269 et
457 4206 510 4270 lox
526 4206 721 4271 maculosum
739 4207 878 4271 edomuit
894 4205 995 4283 nefas,

322 4296 488 4362 laudantur
505 4299 598 4364 simili
615 4300 701 4385 prole
718 4322 899 4386 puerperae,

386 4391 509 4475 eulpam
526 4415 628 4478 poena
644 4395 757 4479 promit
775 4416 890 4460 comes.
