3225 5442
428 768 636 827 CARMINUM
653 768 727 823 LIB.
741 770 793 824 III.

267 951 316 994 me
334 937 424 1013 pater
441 927 544 992 saevis
562 936 670 992 oneret
687 927 815 1004 eatenis,

266 1023 351 1107 quod
368 1022 436 1086 viro
454 1021 591 1086 clemens
609 1021 723 1086 misero
740 1020 880 1106 peperci3

266 1140 318 1182 me
335 1115 387 1181 vel
405 1126 561 1180 extremos
579 1114 786 1179 Numidarum
803 1115 838 1178 in
855 1136 949 1201 agros

330 1210 431 1275 classe
448 1209 576 1295 releget.

266 1348 290 1423 i,
308 1346 406 1431 pedes
424 1367 487 1428 quo
505 1354 536 1409 te
552 1344 677 1429 rapiunt
694 1354 725 1408 et
742 1366 846 1420 aurae,

267 1441 342 1504 dum
360 1439 445 1504 favet
462 1461 526 1502 nox
543 1448 575 1502 et
592 1438 702 1503 Venus
708 1462 717 1515 ;
735 1438 746 1501 i
764 1438 903 1502 seeundo

267 1535 385 1612 omine,
404 1543 435 1599 et
452 1532 551 1598 nostri
568 1554 738 1597 memorem
757 1532 901 1617 sepulcro

333 1628 438 1713 scalpe
456 1626 647 1711 querelam.“

461 1870 659 1932 OARMEN
680 1870 760 1929 ΧΠ.

429 2016 490 2064 An
519 2014 795 2065 uuonunau.

222 2164 330 2206 rarum
347 2150 396 2205 est
412 2163 515 2226 neque
532 2142 631 2206 amori
648 2142 722 2206 dare
740 2141 849 2205 ludum
867 2162 968 2223 neque
987 2140 1069 2204 dulei

222 2236 316 2299 .vino
333 2235 452 2312 lavere,
471 2245 525 2299 aut
547 2235 731 2311 exanimari,
751 2243 925 2299 metuentes

222 2338 332 2393 aduae
350 2327 481 2393 verbera
497 2328 632 2415 linguae.

222 2465 342 2550 lualum
361 2464 537 2549 Cythereae
554 2487 633 2550 puer
650 2464 730 2542 ales,
750 2464 806 2529 tibi
825 2465 903 2530 telas

222 2579 352 2641 >eaeque
369 2557 534 2622 Minervae
554 2558 692 2623 studium
710 2558 826 2636 aufert,
844 2557 996 2650 Neobule,
1148 2574 1164 2618 5

222 2652 353 2738 liparaei
370 2652 452 2716 nitor
469 2651 581 2717 Hebri.
679 2707 684 2715 .

223 2786 234 2853 l
251 2800 362 2855 unetos
381 2787 538 2855 Tiberinis
555 2790 703 2855 hmneros
721 2789 798 2854 lavit
814 2790 847 2854 in
864 2787 967 2863 undis,

222 2905 235 2948 s
252 2883 322 2968 ipso
339 2883 449 2947 melior
465 2883 720 2969 Bellerophonte,
739 2906 841 2967 neque
859 2905 975 2969 pugno,

222 2997 305 3060 eque
324 2978 413 3063 segni
430 2978 512 3063 pede
529 2978 648 3075 yietus3

222 3137 229 3179 ι
246 3113 331 3178 idem
346 3137 403 3199 per
420 3125 563 3200 apertum
580 3114 738 3201 fugientes
756 3114 874 3200 agitato

222 3228 236 3272 e
253 3229 363 3272 cervos
381 3208 509 3272 iaculari
527 3217 559 3272 et
576 3209 659 3274 celer
675 3219 743 3273 arto
760 3207 933 3272 latitantem

222 3300 347 3366 mtieeto
365 3301 508 3386 excipere
526 3325 646 3387 aprum.

453 3525 651 3608 oramus
673 3528 769 3588 xm.

370 3671 423 3719 AI)
442 3670 600 3721 FONTEM
617 3672 848 3723 BANDUSIAE.

268 3793 299 3859 Ο
320 3796 390 3860 sons
409 3796 604 3876 Bandusiae,
624 3798 816 3883 splendidior
833 3797 922 3872 vitro,

267 3889 352 3952 dulei
369 3890 463 3976 digne
481 3914 567 3955 mero
585 3914 648 3956 non
666 3893 733 3957 sine
751 3891 890 3967 fioribus,

250 4009 253 4015 ·
310 4006 378 4048 eras
397 3984 562 4049 donaberis
584 3986 695 4064 hoedo,

353 4078 404 4141 cui
422 4078 508 4142 frons
527 4080 651 4165 turgida
668 4078 815 4143 cornibus

265 4213 374 4297 primis
393 4226 424 4277 et
442 4237 588 4279 venerem
606 4226 637 4280 et
654 4216 772 4300 proelia
789 4214 933 4278 destinat.

265 4306 396 4385 frustra3
415 4332 488 4373 nam
505 4309 625 4395 gelidos
643 4309 760 4373 inficiet
777 4308 834 4373 tibi

234 4477 237 4484 ,
308 4401 402 4465 rubro
421 4404 572 4487 sanguine
589 4404 674 4468 rivos

350 4495 459 4560 laseivi
477 4496 603 4563 suboles
621 4498 737 4584 gregis.

225 4606 258 4640 ⁸⁸·
