3225 5442
747 722 780 787 Q.
795 718 959 775 IIORATII
971 714 1112 771 FLACCI

689 961 1053 1026 EPISTOLA
1093 963 1174 1021 ΙΙΙ.

726 1072 1135 1157 xn'rrsonns

754 1238 826 1281 QUAE
837 1238 928 1274 vomo
938 1236 1112 1271 luscmmrcx

606 1354 692 1434 DE
731 1350 910 1431 ARTE
945 1348 1255 1429 POETIOA.

462 1534 613 1597 Humano
631 1530 725 1615 capiti
743 1529 896 1593 cervicem
914 1528 1013 1614 pictor
1030 1529 1176 1611 equinam

419 1629 548 1711 iungere
567 1625 593 1688 si
611 1624 685 1687 velit
703 1632 733 1687 et
750 1622 853 1686 varias
871 1622 1017 1685 inducere
1035 1622 1158 1707 plumas

422 1720 556 1800 undique
575 1717 695 1781 collatis
713 1715 877 1792 membris,
896 1723 931 1778 ut
948 1715 1078 1800 turpiter
1095 1724 1198 1783 atrum

420 1812 541 1875 desinat
557 1811 591 1873 in
608 1811 727 1894 piscem
745 1809 857 1871 mulier
873 1808 1012 1872 formosa
1029 1829 1177 1892 supeme;

387 1927 402 1971 a
421 1913 595 1990 spectatum
613 1901 740 1966 admissi
759 1902 856 1965 risum
875 1902 1019 1977 teneatis,
1038 1901 1148 1964 amici?

421 1997 550 2071 credite,
570 1994 717 2071 Pisones,
735 1993 788 2058 isti
807 1993 932 2058 tabulae
949 1994 1016 2057 fore
1033 1992 1148 2057 librum

420 2088 623 2174 persimilem,
643 2088 746 2163 cuius,
765 2088 851 2150 velut
869 2087 955 2172 aegri
973 2087 1106 2163 somnia,
1125 2108 1226 2150 vanae

422 2184 577 2267 tingentur
595 2180 729 2265 species,
748 2187 783 2242 ut
800 2201 859 2243 nee
877 2202 933 2265 pes
951 2201 1009 2243 nec
1027 2190 1121 2264 eaput
1137 2180 1193 2244 uni

422 2277 569 2340 reddatur
586 2275 715 2338 formae.
741 2273 931 2358 „pictoribus
951 2284 1043 2357 atque
1061 2273 1161 2359 poetis

374 2391 404 2436 10
422 2367 573 2453 quidlibet
590 2367 725 2432 audendi
744 2389 867 2451 semper
884 2367 944 2433 suit
961 2390 1061 2450 aequa
1077 2372 1247 2452 potestas.“

423 2463 538 2525 scimus
557 2470 588 2524 et
605 2460 686 2524 hano
703 2460 827 2523 veniam
845 2461 1042 2546 petimusque
1060 2462 1235 2543 damusque
1252 2458 1388 2531 vicissim,

423 2555 479 2618 sed
497 2575 559 2616 non
577 2562 611 2616 ut
628 2553 759 2637 placidis
778 2563 888 2616 coeant
905 2554 1049 2630 immitia,
1068 2577 1130 2618 non
1147 2563 1182 2616 ut

424 2655 582 2732 serpentes
601 2645 712 2709 avibus
730 2646 941 2731 geminentur,
960 2646 1091 2732 tigribus
1110 2647 1193 2732 agni.

423 2740 554 2824 inceptis
573 2738 722 2823 gravibus
740 2739 924 2823 plerumque
942 2750 973 2803 et
990 2763 1106 2826 magna
1122 2740 1274 2825 professis

375 2857 405 2902 15
423 2856 611 2918 purpureus,
630 2833 691 2897 late
709 2834 763 2917 qui
781 2833 956 2917 splendeat,
976 2857 1055 2898 unus
1074 2844 1105 2898 et
1122 2835 1199 2897 alter

424 2927 565 2991 adsuitur
582 2948 718 3010 pannus,
738 2948 835 3008 quum
853 2927 942 2990 lucus
961 2937 992 2991 et
1010 2951 1063 2990 ara
1080 2927 1204 2990 Dianae

424 3031 455 3084 et
471 3020 664 3104 properantis
684 3042 783 3101 aquae
801 3042 858 3104 per
875 3043 1022 3085 amoenos
1041 3021 1176 3084 ambitus
1195 3043 1289 3106 agros

424 3127 478 3179 aut
499 3115 614 3177 flumen
632 3113 778 3177 Rhenum
797 3124 851 3176 aut
868 3114 992 3198 pluvius
1010 3113 1195 3178 describitur
1212 3136 1314 3177 arcus.

425 3207 482 3271 sed
499 3229 583 3270 nuno
600 3230 663 3269 non
681 3216 746 3269 crat
764 3205 813 3269 his
832 3206 929 3270 locus,
953 3217 984 3270 et
1001 3207 1134 3271 fortasse
1152 3229 1337 3290 cupressum

374 3321 406 3367 ao
425 3301 485 3364 seis
505 3299 663 3363 simulare:
683 3298 758 3381 quid
776 3298 851 3375 hoo,
871 3300 897 3362 si
916 3299 1021 3364 fractis
1040 3309 1144 3364 enatat
1162 3321 1276 3383 exspes

424 3394 571 3470 navibus,
591 3415 661 3457 aere
679 3394 751 3456 dato
770 3394 823 3475 qui
841 3393 997 3477 pingitur?
1014 3394 1164 3478 amphora
1182 3393 1286 3477 eoepit

425 3487 557 3563 institui3
577 3495 717 3550 currente
735 3496 803 3550 rota
821 3510 877 3550 eur
895 3508 1005 3549 urceus
1025 3487 1106 3550 exit?

425 3579 558 3661 denique
578 3579 630 3655 sit,
650 3579 814 3662 quodvis,
834 3580 967 3664 simplex
985 3580 1135 3643 duntaxat
1153 3588 1184 3643 et
1204 3602 1310 3643 unum.

468 3672 605 3736 maxima
622 3695 693 3756 pars
714 3683 834 3749 vatum,
853 3683 942 3757 pater
960 3682 991 3736 et
1007 3673 1136 3737 iuvenes
1154 3681 1242 3757 patre
1261 3673 1358 3758 digni,

376 3787 407 3832 25
426 3765 598 3848 decipimur
616 3766 719 3849 speeie
736 3767 827 3830 recti:
846 3766 950 3830 brevis
968 3788 1039 3832 esse
1055 3766 1172 3842 labor0,

425 3858 576 3921 obscurus
596 3858 651 3934 fio;
671 3867 841 3932 sectantem
860 3859 942 3922 lenia
958 3860 1047 3922 nervi
1064 3941 1066 3944 Ι

426 3950 573 4013 deficiunt
591 3952 747 4034 animique
753 3976 761 4027 3
779 3952 941 4035 professus
959 3952 1091 4037 grandia
1108 3961 1225 4036 turget3

426 4043 521 4126 serpit
539 4044 626 4106 humi
644 4054 729 4109 tutus
748 4044 879 4107 nimium
897 4045 1087 4128 timidusque
1105 4044 1268 4129 procellae.

425 4137 479 4218 qui
497 4137 615 4201 variare
635 4138 719 4221 eupit
736 4160 802 4201 rem
821 4139 1032 4223 prodigialiter
1050 4162 1152 4214 unam,

299 4242 300 4246 ’
376 4245 407 4291 30
425 4230 605 4313 delphinum
625 4230 711 4293 silvis
730 4231 884 4315 appingit,
903 4232 1049 4296 fluetibus
1069 4254 1188 4315 aprum.

425 4322 457 4384 in
476 4323 585 4385 vitium
603 4324 689 4386 ducit
707 4324 816 4407 culpae
834 4325 924 4409 fuga,
945 4324 971 4387 si
990 4333 1073 4387 caret
1091 4333 1165 4388 arte.

426 4414 597 4478 Aemilium
615 4416 696 4480 eirca
713 4416 822 4480 ludum
840 4418 929 4481 faber
946 4418 1027 4482 imus
1047 4428 1076 4481 et
1094 4437 1216 4501 ungues
