3225 5442
509 737 788 796 EPISTOLARUM
804 739 879 796 LIB.
891 742 914 796 1.

192 904 262 968 isne
280 899 336 965 tibi
353 891 466 962 melius
484 897 608 974 suadet,
628 898 681 980 qui
699 918 765 961 rem
783 896 896 975 facias,
914 921 991 975 rem,

193 996 222 1061 si
238 993 342 1080 possis
359 1001 457 1068 recte3
477 991 504 1055 si
521 1012 598 1066 non,
617 1011 816 1073 quocumque
834 991 928 1056 modo
945 1014 1021 1069 rem,

193 1099 229 1153 ut
245 1086 374 1175 propius
393 1094 515 1170 spectes
532 1083 698 1148 lacrimosa
715 1094 861 1168 poemata
877 1084 970 1170 Pupi,

193 1206 236 1246 an
253 1180 306 1265 qui
323 1180 468 1243 fortunae
486 1187 516 1241 te
534 1199 718 1261 responsare
737 1178 889 1262 superbae

192 1276 327 1341 liberum
341 1282 377 1336 et
394 1280 532 1335 erectum
549 1292 698 1355 praesens
716 1271 858 1335 hortatur
875 1281 906 1335 ct
923 1273 1028 1358 aptat?

167 1421 169 1426 .
193 1368 308 1454 quodsi
325 1388 375 1430 me
392 1364 528 1450 populus
546 1364 708 1428 Romanus
727 1363 807 1428 forte
825 1374 929 1452 roget,
948 1388 1004 1429 cur
1246 1388 1278 1434 70

192 1485 271 1538 non,
290 1469 326 1523 ut
342 1458 529 1545 porticibus,
549 1458 595 1521 sic
612 1457 734 1521 iudiciis
753 1457 840 1522 fruar
857 1459 967 1535 isdem,

192 1578 253 1620 nec
271 1575 385 1637 sequar
402 1562 433 1616 et
450 1551 571 1637 fugiam
590 1573 670 1633 quae
688 1551 790 1637 diligit
806 1551 875 1637 ipse
893 1552 943 1616 vel
961 1553 1035 1630 odit,

193 1649 270 1713 olim
287 1647 372 1731 quod
389 1646 499 1730 vulpes
518 1656 646 1731 aegroto
665 1656 756 1709 cauta
773 1645 858 1709 leoni

193 1741 356 1826 respondit
372 1739 520 1803 referam:
541 1738 634 1821 „quia
651 1762 702 1802 mc
720 1739 855 1825 vestigia
872 1749 997 1817 terrent,

194 1834 301 1903 omnia
318 1843 348 1897 te
366 1833 534 1897 adversum
552 1833 739 1917 spectantia,
758 1833 844 1897 nulla
861 1837 1061 1898 retrorsum.“
1246 1856 1278 1901 75

194 1929 300 1994 bellua
313 1928 483 1991 multorum
496 1948 531 1991 es
545 1926 691 2011 capitum.
715 1950 788 1991 nam
802 1928 879 2010 quid
894 1928 1025 2009 sequar?
1042 1938 1096 1992 aut
1114 1930 1227 2011 quem?

158 2063 160 2068 -
193 2046 268 2109 pars
286 2022 448 2085 hominum
466 2019 562 2106 gestit
579 2022 753 2085 conducere
771 2020 912 2105 publica3
931 2031 1004 2086 sunt
1021 2022 1076 2105 qui

195 2116 309 2181 crustis
328 2123 359 2177 et
375 2114 477 2199 pomis
495 2114 606 2178 viduas
624 2125 777 2179 venentur
795 2137 905 2179 avaras
957 2155 962 2166 ·

195 2210 414 2294 excipiantque
432 2230 537 2285 senes,
557 2230 636 2291 quos
655 2209 688 2271 in
706 2208 824 2273 vivaria
840 2208 1000 2298 mittantg

194 2302 302 2367 multis
321 2302 443 2366 occulto
461 2302 573 2366 crescit
589 2324 639 2366 res
658 2302 795 2367 foenore.
819 2324 928 2366 verum

168 2402 170 2405 ’
195 2406 264 2461 esto
282 2395 350 2460 aliis
369 2395 447 2461 alios
465 2394 559 2460 rebus
578 2396 753 2479 studiisque
772 2398 884 2461 teneri:

194 2491 280 2555 idem
298 2490 408 2554 eadem
424 2499 559 2575 possunt
576 2490 685 2554 horam
704 2491 817 2555 durare
835 2489 1023 2575 probantes?

197 2584 321 2663 „nullus
339 2584 373 2647 in
390 2583 465 2648 orbe
484 2583 570 2647 sinus
589 2584 676 2648 Baiis
695 2585 855 2669 praelucet
872 2585 1045 2661 amoenis,“

196 2678 226 2741 si
243 2677 321 2741 dixit
338 2677 439 2754 dives,
458 2676 546 2742 lacus
565 2687 596 2741 et
612 2701 698 2742 mare
717 2680 812 2743 sentit
829 2702 968 2744 amorem

196 2770 373 2836 festinantis
391 2771 472 2848 heri;
491 2772 542 2836 eui
561 2772 588 2835 si
605 2772 718 2837 vitiosa
735 2772 833 2838 libido

195 2864 307 2928 fecerit
320 2865 511 2950 auspicium,
531 2888 600 2931 cras
618 2866 808 2932 ferramenta
826 2868 970 2932 Teanum

196 2957 326 3036 tolletis,
345 2959 435 3023 fabri.
458 2959 558 3025 lectus
576 2960 708 3046 genialis
727 2962 760 3024 in
778 2961 851 3025 aula
868 2971 929 3025 est:

196 3050 241 3114 nil
260 3051 302 3113 ait
320 3073 390 3115 esse
407 3052 508 3136 prius,
527 3053 638 3117 melius
656 3054 702 3117 nil
719 3053 838 3117 caelibe
856 3055 935 3131 vita3

197 3144 227 3209 si
244 3154 386 3223 nonest,
404 3146 486 3209 iurat
502 3145 583 3211 bene
601 3148 676 3214 solis
696 3169 766 3212 esse
784 3147 914 3212 maritis.

197 3259 262 3321 quo
280 3248 404 3301 teneam
421 3239 527 3304 vultus
545 3249 719 3304 mutantem
737 3240 852 3306 Protea
869 3242 973 3306 nodo?

198 3330 276 3414 quid
291 3332 430 3417 pauper?
446 3331 527 3397 ridel
546 3343 647 3398 mutat
664 3335 847 3411 coenacula,
867 3334 977 3411 lectos,

198 3424 325 3503 balnea,
345 3436 501 3505 tonsores,
520 3428 675 3493 conducto
694 3428 820 3515 navigio
839 3436 938 3512 aeque

198 3529 330 3584 nauseat
347 3542 384 3584 ac
401 3520 555 3606 locuples,
574 3543 669 3604 quem
686 3522 772 3585 ducit
789 3523 879 3607 priva
896 3521 1040 3587 triremis.

199 3611 227 3674 si
245 3621 370 3676 curatus
388 3613 544 3697 inaequali
563 3624 687 3679 tonsore
705 3616 835 3701 capillos

198 3726 342 3781 occurro,
360 3706 443 3771 rides
449 3731 458 3785 ;
477 3707 505 3771 si
522 3707 603 3772 forte
621 3708 775 3774 subucula
791 3732 892 3795 pexae

198 3800 272 3861 trita
290 3799 398 3864 subest
415 3802 538 3866 tunicae
557 3803 607 3867 vel
626 3803 654 3867 si
671 3814 746 3889 toga
764 3804 896 3869 dissidet
913 3805 1023 3889 impar,

196 3890 296 3955 rides:
314 3892 404 3976 quid,
423 3917 494 3959 mea
511 3918 608 3978 quum
626 3907 747 3983 pugnat
766 3897 921 3962 sententia
939 3920 1057 3973 secum,

197 3986 284 4067 quod
301 3986 390 4071 petiit
407 3989 538 4073 spernit,
557 3990 669 4075 repetit
686 3991 772 4073 quod
789 4013 890 4075 nuper
908 3991 1022 4066 omisit,

198 4089 322 4144 aestuat
339 4091 371 4145 et
388 4083 471 4147 vitae
489 4084 685 4149 disconvenit
703 4085 811 4149 ordine
829 4094 904 4161 toto,

197 4172 306 4249 diruit,
325 4175 482 4254 aedificat,
501 4187 602 4243 mutat
619 4179 770 4261 quadrata
788 4177 950 4260 rotundis?

196 4265 334 4333 insanire
351 4278 445 4353 putas
464 4271 627 4337 sollemnia
644 4295 695 4337 me
713 4293 814 4356 neque
832 4271 926 4349 rides,

197 4381 257 4423 nee
275 4361 388 4425 medici
407 4364 509 4430 credis
527 4387 586 4429 nec
603 4366 755 4431 curatoris
773 4388 867 4451 egere

195 4477 217 4517 a
234 4464 378 4538 praetore
396 4457 476 4537 dati,
494 4482 599 4524 rerum
617 4462 715 4527 tutela
731 4483 873 4526 mearum

197 4567 297 4628 quum
315 4549 358 4615 sis
376 4561 409 4616 et
424 4574 522 4637 prave
540 4562 661 4618 sectum
679 4554 882 4620 stomacheris
900 4554 940 4620 ob
958 4575 1096 4641 unguem
