3225 5442
500 716 776 774 EPISTOLARUM
793 718 868 774 LIB.
883 720 906 773 Ι.

186 881 270 945 inter
286 879 359 942 vina
376 876 487 963 fugam
505 874 640 941 Cinarae
657 898 795 940 maerere
812 885 986 962 protervae.

186 974 270 1039 forte
287 995 344 1057 per
362 980 530 1057 angustam
548 970 650 1035 tenuis
668 969 808 1033 nitedula
825 970 936 1034 rimam

186 1077 329 1153 repserat
345 1065 378 1128 in
396 1086 553 1128 cumeram
571 1063 733 1139 frumenti,
752 1072 904 1147 pastaque
922 1086 1030 1129 rursus

187 1161 234 1225 ire
251 1159 335 1224 foras
352 1158 447 1244 pleno
466 1157 613 1222 tendebat
630 1179 758 1241 corpore
777 1158 902 1221 frustra.

188 1255 242 1319 cui
258 1253 393 1318 mustela
410 1252 533 1337 procul:
554 1251 601 1330 „si
618 1251 701 1328 i·is,“
722 1250 778 1328 ait,
798 1252 957 1337 „effugere
975 1251 1076 1327 istinc,

188 1370 296 1411 macra
313 1369 426 1410 cavum
444 1355 566 1430 repetes
585 1355 700 1422 artum,
719 1366 814 1426 quem
832 1367 937 1408 macra
955 1344 1097 1410 subisti.“

187 1442 250 1505 hae
268 1463 326 1526 ego
346 1440 373 1503 si
391 1439 561 1524 compellor
578 1438 729 1525 imagine,
748 1449 861 1502 cuncta
878 1439 1018 1524 resign03

187 1556 249 1600 nec
267 1556 412 1598 somnum
430 1533 531 1617 plebis
549 1533 644 1597 laudo
663 1541 749 1596 satur
766 1531 911 1609 altilium,
930 1553 989 1595 nec

188 1628 255 1692 otia
272 1628 388 1692 divitiis
406 1626 550 1693 Arabum
567 1626 725 1691 liberrima
741 1637 839 1692 muto.

190 1743 286 1805 saepe
303 1723 516 1786 verecundum
533 1722 682 1797 laudasti,
700 1743 818 1803 rexque
836 1730 986 1806 paterque

190 1815 306 1879 audisti
324 1837 444 1893 eoram,
462 1838 521 1880 nee
539 1815 635 1879 verbo
651 1815 777 1900 parcius
796 1814 926 1892 absens3

189 1908 311 1992 inspice
330 1909 357 1972 si
373 1932 503 1996 possum
522 1910 636 1974 donata
652 1930 802 1994 reponere
820 1909 930 1973 laetus.

190 2001 278 2066 haud
294 2003 377 2067 male
395 2003 619 2079 Telemachus,
637 2004 741 2086 proles
758 2003 907 2087 patientis
925 2002 1027 2067 Ulixi:

192 2119 277 2175 „non
295 2105 343 2160 est
360 2105 451 2181 aptus
471 2097 559 2180 equis
577 2096 686 2161 Ithace
703 2097 805 2173 locus,
826 2105 860 2160 ut
877 2118 979 2178 neque
995 2095 1097 2181 planis

189 2199 353 2274 porrectus
372 2190 480 2274 spatiis
499 2212 557 2254 nee
574 2191 691 2255 multae
708 2191 860 2276 prodigus
879 2189 1008 2267 herbae3

190 2283 319 2359 Atride,
338 2284 440 2369 magis
458 2296 531 2369 apta
548 2283 605 2349 tibi
623 2296 678 2349 tua
693 2286 778 2349 'dona
795 2284 999 2367 relinquam.“

189 2399 324 2461 parvum
341 2398 439 2461 parva
456 2378 580 2442 decent:
599 2378 676 2442 mihi
693 2378 755 2441 iam
772 2401 837 2441 non
854 2377 942 2462 regia
958 2377 1071 2453 Roma,

191 2470 251 2534 sed
268 2491 402 2533 vacuum
420 2469 521 2535 Tibur
537 2471 641 2555 placet
658 2482 712 2535 aut
730 2471 855 2535 imbelle
875 2471 1056 2535 Tarentum.

191 2573 338 2627 strenuus
357 2573 388 2627 et
405 2564 495 2628 fortis
513 2564 696 2649 caussisque
714 2565 880 2650 Philippus
899 2564 1030 2651 agendis

191 2656 309 2732 clarus,
329 2656 369 2720 ab
386 2657 500 2722 officiis
519 2668 662 2722 octavam
681 2658 802 2722 circiter
820 2660 929 2723 horam

191 2750 269 2813 dum
286 2751 365 2814 redit
383 2760 477 2834 atque
494 2750 564 2817 foro
582 2753 713 2816 nimium
731 2753 846 2817 distare
866 2752 998 2818 Carinas

191 2843 257 2907 iam
273 2844 400 2929 grandis
419 2855 496 2909 natu
513 2846 666 2929 queritur,
686 2848 863 2931 conspexit,
882 2856 917 2910 ut
935 2848 1031 2920 aiunt,

192 2936 341 2999 adrasum
358 2939 516 3020 quendam
535 2961 634 3004 vacua
652 2941 786 3005 tonsoris
804 2940 840 3003 in-
856 2940 967 3004 umbra

192 3029 318 3095 cultello
335 3032 477 3117 proprios
495 3044 684 3120 purgantem
701 3034 813 3098 leniter
830 3056 963 3120 ungues.

190 3123 351 3201 Demetri,
369 3147 448 3210 puer
465 3127 517 3191 hie
534 3150 598 3191 non
615 3128 704 3192 laeve
721 3129 809 3193 iussa
827 3126 965 3211 Philippi

193 3216 380 3301 accipiebat,
400 3219 465 3297 abi3
484 3243 600 3304 quaere
619 3230 650 3285 et
667 3222 763 3299 refer,
782 3222 865 3284 unde
884 3221 992 3296 domo,
1011 3220 1091 3301 quis,

193 3311 284 3375 euius
302 3311 459 3391 fortunae,
478 3336 541 3397 quo
560 3315 600 3379 sit
617 3325 705 3399 patre
724 3337 827 3398 quove
844 3324 985 3399 patrono.

192 3404 231 3481 it,
250 3404 330 3468 redit
348 3415 379 3469 et
395 3417 513 3485 narrat,
533 3407 695 3479 Vulteium
713 3409 840 3473 nomine
857 3407 997 3483 Menam,
1025 3463 1027 3467 Α

193 3520 394 3583 praeconem,
413 3502 499 3566 tenui
517 3524 628 3579 censu,
648 3504 715 3567 sine
734 3503 877 3579 crimine,
895 3512 1005 3586 notum

194 3602 227 3655 et
242 3614 409 3677 properare
426 3594 497 3659 loeo
515 3606 546 3661 et
564 3619 702 3674 cessare,
721 3607 753 3662 et
770 3619 920 3681 quaerere
939 3595 1041 3671 etuti,
1125 3650 1128 3654 ,

194 3687 384 3772 gaudentem
402 3690 569 3773 parvisque
588 3691 748 3756 sodalibus
767 3702 798 3756 et
815 3693 880 3757 lare
898 3701 983 3756 certo

194 3789 227 3844 et
243 3780 326 3845 ludis
345 3791 466 3868 etpost
483 3785 590 3850 decisa
607 3787 735 3872 negotia
752 3810 874 3871 campo.

195 3874 301 3937 scitari
317 3873 395 3940 libet
412 3900 452 3941 ex
469 3878 539 3963 ipso
557 3881 776 3963 quodcumque
794 3879 907 3956 refers;
927 3878 977 3942 dio
1167 3930 1182 3961 ,

194 3967 236 4031 ad
254 3988 384 4032 coenam
402 3971 516 4036 veniat.
538 3995 602 4038 non
620 3996 696 4038 sane
714 3974 841 4038 eredere
858 3971 971 4047 Mena3

194 4059 301 4124 mirari
318 4084 426 4127 seeum
444 4066 565 4131 tacitus.
588 4068 664 4150 quid
681 4067 797 4131 multa?
814 4066 960 4150 benigne,

194 4155 373 4238 respondet.
392 4196 433 4203 —
451 4170 546 4246 neget
562 4160 615 4225 ille
632 4160 728 4224 mihi?
745 4200 786 4207 -
804 4168 901 4244 negat
917 4155 1093 4242 improbus,
1112 4163 1142 4218 et
1160 4163 1190 4217 te

195 4247 336 4335 neglegIt
354 4260 407 4314 aut
424 4252 538 4318 horret
557 4294 599 4302 -
617 4253 778 4319 Vulteium
797 4275 888 4318 mane
906 4251 1073 4335 Philippus

195 4342 271 4408 vilia
288 4345 475 4411 vendentem
493 4348 631 4413 tunicato
650 4357 755 4413 scruta
771 4346 896 4434 popello
1247 4354 1279 4401 65

196 4447 331 4523 occupat
348 4448 380 4503 et
397 4440 518 4505 salvere
536 4440 623 4507 iubet
640 4441 734 4528 prior.
757 4442 809 4505 ille
828 4440 975 4525 Philippo
