<?xml version="1.0" encoding="UTF-8"?>
<!DOCTYPE html PUBLIC "-//W3C//DTD XHTML 1.0 Transitional//EN"
    "http://www.w3.org/TR/xhtml1/DTD/xhtml1-transitional.dtd">
<html xmlns="http://www.w3.org/1999/xhtml" xml:lang="en" lang="en">
 <head>
  <title>
</title>
<meta http-equiv="Content-Type" content="text/html;charset=utf-8" />
  <meta name='ocr-system' content='tesseract 3.04.00' />
  <meta name='ocr-capabilities' content='ocr_page ocr_carea ocr_par ocr_line ocrx_word'/>
</head>
<body>
  <div class='ocr_page' id='page_1' title='image "./qhoratiiflaccio00stalgoog/qhoratiiflaccio00stalgoog_0155.png"; bbox 0 0 3225 5442; ppageno 0'>
   <div class='ocr_carea' id='block_1_1' title="bbox 457 720 823 778">
    <p class='ocr_par' dir='ltr' id='par_1_1' title="bbox 457 720 823 778">
     <span class='ocr_line' id='line_1_1' title="bbox 457 720 823 778; baseline -0.008 0"><span class='ocrx_word' id='word_1_1' title='bbox 457 720 664 778; x_wconf 65' lang='lat' dir='ltr'>erumnam</span> <span class='ocrx_word' id='word_1_2' title='bbox 682 720 756 775; x_wconf 88' lang='lat' dir='ltr'><strong>LIB.</strong></span> <span class='ocrx_word' id='word_1_3' title='bbox 771 721 823 775; x_wconf 89' lang='lat'><em>111.</em></span> 
     </span>
    </p>
   </div>
   <div class='ocr_carea' id='block_1_2' title="bbox 297 878 933 1228">
    <p class='ocr_par' dir='ltr' id='par_1_2' title="bbox 297 878 840 963">
     <span class='ocr_line' id='line_1_2' title="bbox 297 878 840 963; baseline -0.006 -17"><span class='ocrx_word' id='word_1_4' title='bbox 297 881 372 946; x_wconf 85' lang='lat' dir='ltr'>lenit</span> <span class='ocrx_word' id='word_1_5' title='bbox 389 879 552 945; x_wconf 80' lang='lat' dir='ltr'>albescens</span> <span class='ocrx_word' id='word_1_6' title='bbox 571 879 691 943; x_wconf 90' lang='lat' dir='ltr'>animos</span> <span class='ocrx_word' id='word_1_7' title='bbox 710 878 840 963; x_wconf 84' lang='lat' dir='ltr'>capillus</span> 
     </span>
    </p>

    <p class='ocr_par' dir='ltr' id='par_1_3' title="bbox 297 972 893 1058">
     <span class='ocr_line' id='line_1_3' title="bbox 297 972 893 1058; baseline -0.003 -19"><span class='ocrx_word' id='word_1_8' title='bbox 297 975 397 1040; x_wconf 92' lang='lat' dir='ltr'>litium</span> <span class='ocrx_word' id='word_1_9' title='bbox 414 983 446 1039; x_wconf 89' lang='lat' dir='ltr'>et</span> <span class='ocrx_word' id='word_1_10' title='bbox 462 974 549 1037; x_wconf 83' lang='lat' dir='ltr'>rixae</span> <span class='ocrx_word' id='word_1_11' title='bbox 568 972 697 1058; x_wconf 85' lang='lat' dir='ltr'>cupidos</span> <span class='ocrx_word' id='word_1_12' title='bbox 715 982 893 1058; x_wconf 87' lang='lat' dir='ltr'>protervae;</span> 
     </span>
    </p>

    <p class='ocr_par' dir='ltr' id='par_1_4' title="bbox 298 1066 933 1228">
     <span class='ocr_line' id='line_1_4' title="bbox 298 1066 933 1155; baseline -0.003 -21"><span class='ocrx_word' id='word_1_13' title='bbox 298 1093 361 1134; x_wconf 92' lang='lat' dir='ltr'>non</span> <span class='ocrx_word' id='word_1_14' title='bbox 379 1091 439 1155; x_wconf 87' lang='lat' dir='ltr'>ego</span> <span class='ocrx_word' id='word_1_15' title='bbox 457 1068 517 1133; x_wconf 87' lang='lat' dir='ltr'>hoe</span> <span class='ocrx_word' id='word_1_16' title='bbox 534 1068 648 1131; x_wconf 82' lang='lat' dir='ltr'>ferrem</span> <span class='ocrx_word' id='word_1_17' title='bbox 667 1067 787 1132; x_wconf 83' lang='lat' dir='ltr'>calidus</span> <span class='ocrx_word' id='word_1_18' title='bbox 805 1066 933 1132; x_wconf 87' lang='lat' dir='ltr'>iuventa</span> 
     </span>
     <span class='ocr_line' id='line_1_5' title="bbox 362 1162 634 1228; baseline -0.015 0"><span class='ocrx_word' id='word_1_19' title='bbox 362 1162 489 1228; x_wconf 83' lang='lat' dir='ltr'>consule</span> <span class='ocrx_word' id='word_1_20' title='bbox 506 1162 634 1226; x_wconf 83' lang='lat' dir='ltr'>Planco.</span> 
     </span>
    </p>
   </div>
   <div class='ocr_carea' id='block_1_3' title="bbox 452 1421 828 1614">
    <p class='ocr_par' dir='ltr' id='par_1_5' title="bbox 452 1421 828 1614">
     <span class='ocr_line' id='line_1_6' title="bbox 496 1421 790 1483; baseline -0.01 0"><span class='ocrx_word' id='word_1_21' title='bbox 496 1421 790 1483; x_wconf 80' lang='lat' dir='ltr'><strong>CARMENXV.</strong></span> 
     </span>
     <span class='ocr_line' id='line_1_7' title="bbox 452 1564 828 1614; baseline -0.005 -1"><span class='ocrx_word' id='word_1_22' title='bbox 452 1565 506 1613; x_wconf 82' lang='lat' dir='ltr'>ru</span> <span class='ocrx_word' id='word_1_23' title='bbox 545 1564 828 1614; x_wconf 80' lang='lat' dir='ltr'>onnoaru.</span> 
     </span>
    </p>
   </div>
   <div class='ocr_carea' id='block_1_4' title="bbox 257 1689 916 2057">
    <p class='ocr_par' dir='ltr' id='par_1_6' title="bbox 257 1689 629 1776">
     <span class='ocr_line' id='line_1_8' title="bbox 257 1689 629 1776; baseline -0.005 -20"><span class='ocrx_word' id='word_1_24' title='bbox 257 1692 348 1757; x_wconf 86' lang='lat' dir='ltr'>Uxor</span> <span class='ocrx_word' id='word_1_25' title='bbox 365 1689 511 1776; x_wconf 87' lang='lat' dir='ltr'>pauperis</span> <span class='ocrx_word' id='word_1_26' title='bbox 529 1689 629 1774; x_wconf 87' lang='lat' dir='ltr'>Ibyci,</span> 
     </span>
    </p>

    <p class='ocr_par' dir='ltr' id='par_1_7' title="bbox 257 1782 916 1963">
     <span class='ocr_line' id='line_1_9' title="bbox 299 1782 916 1869; baseline -0.008 -18"><span class='ocrx_word' id='word_1_27' title='bbox 299 1787 424 1851; x_wconf 85' lang='lat' dir='ltr'>tandem</span> <span class='ocrx_word' id='word_1_28' title='bbox 442 1784 599 1868; x_wconf 80' lang='lat' dir='ltr'>nequitiae</span> <span class='ocrx_word' id='word_1_29' title='bbox 617 1784 678 1869; x_wconf 88' lang='lat' dir='ltr'>fige</span> <span class='ocrx_word' id='word_1_30' title='bbox 696 1782 827 1847; x_wconf 87' lang='lat' dir='ltr'>modum</span> <span class='ocrx_word' id='word_1_31' title='bbox 845 1794 916 1847; x_wconf 89' lang='lat' dir='ltr'>tuae</span> 
     </span>
     <span class='ocr_line' id='line_1_10' title="bbox 257 1877 642 1963; baseline -0.008 -19"><span class='ocrx_word' id='word_1_32' title='bbox 257 1879 450 1963; x_wconf 82' lang='lat' dir='ltr'>famosisque</span> <span class='ocrx_word' id='word_1_33' title='bbox 467 1877 642 1943; x_wconf 83' lang='lat' dir='ltr'>laboribus:</span> 
     </span>
    </p>

    <p class='ocr_par' dir='ltr' id='par_1_8' title="bbox 299 1971 811 2057">
     <span class='ocr_line' id='line_1_11' title="bbox 299 1971 811 2057; baseline -0.006 -19"><span class='ocrx_word' id='word_1_34' title='bbox 299 1983 420 2038; x_wconf 89' lang='lat' dir='ltr'>maturo</span> <span class='ocrx_word' id='word_1_35' title='bbox 438 1972 565 2057; x_wconf 88' lang='lat' dir='ltr'>propior</span> <span class='ocrx_word' id='word_1_36' title='bbox 581 1972 689 2037; x_wconf 88' lang='lat' dir='ltr'>desine</span> <span class='ocrx_word' id='word_1_37' title='bbox 707 1971 811 2035; x_wconf 86' lang='lat' dir='ltr'>funeri</span> 
     </span>
    </p>
   </div>
   <div class='ocr_carea' id='block_1_5' title="bbox 256 2108 947 2470">
    <p class='ocr_par' dir='ltr' id='par_1_9' title="bbox 257 2108 617 2195">
     <span class='ocr_line' id='line_1_12' title="bbox 257 2108 617 2195; baseline 0 -21"><span class='ocrx_word' id='word_1_38' title='bbox 257 2110 462 2174; x_wconf 86' lang='lat' dir='ltr'>interludere</span> <span class='ocrx_word' id='word_1_39' title='bbox 479 2108 617 2195; x_wconf 86' lang='lat' dir='ltr'>virgines</span> 
     </span>
    </p>

    <p class='ocr_par' dir='ltr' id='par_1_10' title="bbox 256 2203 947 2381">
     <span class='ocr_line' id='line_1_13' title="bbox 300 2203 947 2290; baseline -0.002 -22"><span class='ocrx_word' id='word_1_40' title='bbox 300 2214 332 2269; x_wconf 88' lang='lat' dir='ltr'>ct</span> <span class='ocrx_word' id='word_1_41' title='bbox 350 2205 447 2269; x_wconf 82' lang='lat' dir='ltr'>stellis</span> <span class='ocrx_word' id='word_1_42' title='bbox 464 2203 613 2269; x_wconf 87' lang='lat' dir='ltr'>nebulam</span> <span class='ocrx_word' id='word_1_43' title='bbox 631 2225 778 2290; x_wconf 87' lang='lat' dir='ltr'>spargere</span> <span class='ocrx_word' id='word_1_44' title='bbox 796 2203 947 2268; x_wconf 87' lang='lat' dir='ltr'>candidis.</span> 
     </span>
     <span class='ocr_line' id='line_1_14' title="bbox 256 2298 737 2381; baseline -0.002 -19"><span class='ocrx_word' id='word_1_45' title='bbox 256 2321 333 2375; x_wconf 92' lang='lat' dir='ltr'>non,</span> <span class='ocrx_word' id='word_1_46' title='bbox 352 2299 379 2364; x_wconf 91' lang='lat' dir='ltr'>si</span> <span class='ocrx_word' id='word_1_47' title='bbox 397 2298 473 2381; x_wconf 86' lang='lat' dir='ltr'>quid</span> <span class='ocrx_word' id='word_1_48' title='bbox 490 2298 631 2363; x_wconf 88' lang='lat' dir='ltr'>Pholoen</span> <span class='ocrx_word' id='word_1_49' title='bbox 651 2298 737 2375; x_wconf 86' lang='lat' dir='ltr'>satis,</span> 
     </span>
    </p>

    <p class='ocr_par' dir='ltr' id='par_1_11' title="bbox 301 2391 875 2470">
     <span class='ocr_line' id='line_1_15' title="bbox 301 2391 875 2470; baseline 0 -14"><span class='ocrx_word' id='word_1_50' title='bbox 301 2402 332 2456; x_wconf 86' lang='lat' dir='ltr'>et</span> <span class='ocrx_word' id='word_1_51' title='bbox 348 2402 393 2470; x_wconf 87' lang='lat' dir='ltr'>te,</span> <span class='ocrx_word' id='word_1_52' title='bbox 414 2391 537 2469; x_wconf 85' lang='lat' dir='ltr'>Chlori,</span> <span class='ocrx_word' id='word_1_53' title='bbox 555 2392 660 2469; x_wconf 79' lang='lat' dir='ltr'>(lecet3</span> <span class='ocrx_word' id='word_1_54' title='bbox 677 2392 743 2455; x_wconf 87' lang='lat' dir='ltr'>filia</span> <span class='ocrx_word' id='word_1_55' title='bbox 758 2391 875 2456; x_wconf 87' lang='lat' dir='ltr'>rectius</span> 
     </span>
    </p>
   </div>
   <div class='ocr_carea' id='block_1_6' title="bbox 257 2527 908 2891">
    <p class='ocr_par' dir='ltr' id='par_1_12' title="bbox 258 2527 723 2614">
     <span class='ocr_line' id='line_1_16' title="bbox 258 2527 723 2614; baseline 0 -23"><span class='ocrx_word' id='word_1_56' title='bbox 258 2538 418 2614; x_wconf 84' lang='lat' dir='ltr'>expugnat</span> <span class='ocrx_word' id='word_1_57' title='bbox 436 2527 584 2593; x_wconf 87' lang='lat' dir='ltr'>iuvenum</span> <span class='ocrx_word' id='word_1_58' title='bbox 602 2527 723 2603; x_wconf 82' lang='lat' dir='ltr'>domos,</span> 
     </span>
    </p>

    <p class='ocr_par' dir='ltr' id='par_1_13' title="bbox 257 2620 908 2800">
     <span class='ocr_line' id='line_1_17' title="bbox 298 2620 908 2706; baseline 0 -22"><span class='ocrx_word' id='word_1_59' title='bbox 298 2622 391 2706; x_wconf 89' lang='lat' dir='ltr'>pulso</span> <span class='ocrx_word' id='word_1_60' title='bbox 409 2620 529 2706; x_wconf 85' lang='lat' dir='ltr'>Thyias</span> <span class='ocrx_word' id='word_1_61' title='bbox 547 2620 594 2684; x_wconf 87' lang='lat' dir='ltr'>uti</span> <span class='ocrx_word' id='word_1_62' title='bbox 611 2620 732 2684; x_wconf 85' lang='lat' dir='ltr'>concita</span> <span class='ocrx_word' id='word_1_63' title='bbox 749 2630 908 2705; x_wconf 85' lang='lat' dir='ltr'>tympano.</span> 
     </span>
     <span class='ocr_line' id='line_1_18' title="bbox 257 2712 663 2800; baseline -0.002 -22"><span class='ocrx_word' id='word_1_64' title='bbox 257 2715 343 2779; x_wconf 88' lang='lat' dir='ltr'>illam</span> <span class='ocrx_word' id='word_1_65' title='bbox 361 2714 446 2800; x_wconf 87' lang='lat' dir='ltr'>cogit</span> <span class='ocrx_word' id='word_1_66' title='bbox 463 2737 551 2780; x_wconf 88' lang='lat' dir='ltr'>amor</span> <span class='ocrx_word' id='word_1_67' title='bbox 566 2712 663 2779; x_wconf 90' lang='lat' dir='ltr'>Nothi</span> 
     </span>
    </p>

    <p class='ocr_par' dir='ltr' id='par_1_14' title="bbox 299 2806 875 2891">
     <span class='ocr_line' id='line_1_19' title="bbox 299 2806 875 2891; baseline 0 -20"><span class='ocrx_word' id='word_1_68' title='bbox 299 2808 435 2873; x_wconf 88' lang='lat' dir='ltr'>lascivae</span> <span class='ocrx_word' id='word_1_69' title='bbox 454 2808 587 2872; x_wconf 85' lang='lat' dir='ltr'>similem</span> <span class='ocrx_word' id='word_1_70' title='bbox 605 2806 712 2872; x_wconf 89' lang='lat' dir='ltr'>ludere</span> <span class='ocrx_word' id='word_1_71' title='bbox 730 2829 875 2891; x_wconf 85' lang='lat' dir='ltr'>capreae:</span> 
     </span>
    </p>
   </div>
   <div class='ocr_carea' id='block_1_7' title="bbox 257 2944 986 3311">
    <p class='ocr_par' dir='ltr' id='par_1_15' title="bbox 257 2944 666 3029">
     <span class='ocr_line' id='line_1_20' title="bbox 257 2944 666 3029; baseline -0.005 -20"><span class='ocrx_word' id='word_1_72' title='bbox 257 2956 288 3009; x_wconf 85' lang='lat' dir='ltr'>te</span> <span class='ocrx_word' id='word_1_73' title='bbox 306 2944 396 3009; x_wconf 86' lang='lat' dir='ltr'>lanae</span> <span class='ocrx_word' id='word_1_74' title='bbox 413 2966 511 3029; x_wconf 87' lang='lat' dir='ltr'>prope</span> <span class='ocrx_word' id='word_1_75' title='bbox 528 2944 666 3010; x_wconf 91' lang='lat' dir='ltr'>nobilem</span> 
     </span>
    </p>

    <p class='ocr_par' dir='ltr' id='par_1_16' title="bbox 257 3037 986 3216">
     <span class='ocr_line' id='line_1_21' title="bbox 301 3037 986 3116; baseline -0.004 -15"><span class='ocrx_word' id='word_1_76' title='bbox 301 3048 410 3102; x_wconf 87' lang='lat' dir='ltr'>tonsae</span> <span class='ocrx_word' id='word_1_77' title='bbox 427 3038 611 3116; x_wconf 88' lang='lat' dir='ltr'>Luceriam,</span> <span class='ocrx_word' id='word_1_78' title='bbox 629 3061 694 3104; x_wconf 95' lang='lat' dir='ltr'>non</span> <span class='ocrx_word' id='word_1_79' title='bbox 711 3037 847 3102; x_wconf 85' lang='lat' dir='ltr'>citharae</span> <span class='ocrx_word' id='word_1_80' title='bbox 866 3037 986 3112; x_wconf 86' lang='lat' dir='ltr'>decent,</span> 
     </span>
     <span class='ocr_line' id='line_1_22' title="bbox 257 3131 704 3216; baseline 0.002 -22"><span class='ocrx_word' id='word_1_81' title='bbox 257 3153 316 3195; x_wconf 87' lang='lat' dir='ltr'>nee</span> <span class='ocrx_word' id='word_1_82' title='bbox 333 3131 391 3197; x_wconf 91' lang='lat' dir='ltr'>flos</span> <span class='ocrx_word' id='word_1_83' title='bbox 409 3153 585 3216; x_wconf 86' lang='lat' dir='ltr'>purpureus</span> <span class='ocrx_word' id='word_1_84' title='bbox 602 3153 704 3208; x_wconf 90' lang='lat' dir='ltr'>rosae,</span> 
     </span>
    </p>

    <p class='ocr_par' dir='ltr' id='par_1_17' title="bbox 300 3223 940 3311">
     <span class='ocr_line' id='line_1_23' title="bbox 300 3223 940 3311; baseline -0.003 -23"><span class='ocrx_word' id='word_1_85' title='bbox 300 3247 358 3289; x_wconf 92' lang='lat' dir='ltr'>nec</span> <span class='ocrx_word' id='word_1_86' title='bbox 375 3225 456 3311; x_wconf 86' lang='lat' dir='ltr'>poti,</span> <span class='ocrx_word' id='word_1_87' title='bbox 474 3225 626 3302; x_wconf 82' lang='lat' dir='ltr'>vetulam,</span> <span class='ocrx_word' id='word_1_88' title='bbox 645 3225 734 3290; x_wconf 83' lang='lat' dir='ltr'>faece</span> <span class='ocrx_word' id='word_1_89' title='bbox 751 3234 843 3289; x_wconf 87' lang='lat' dir='ltr'>tenus</span> <span class='ocrx_word' id='word_1_90' title='bbox 861 3223 940 3287; x_wconf 85' lang='lat' dir='ltr'>cadi.</span> 
     </span>
    </p>
   </div>
   <div class='ocr_carea' id='block_1_8' title="bbox 360 3477 937 3673">
    <p class='ocr_par' dir='ltr' id='par_1_18' title="bbox 360 3477 937 3673">
     <span class='ocr_line' id='line_1_24' title="bbox 491 3477 802 3539; baseline -0.01 0"><span class='ocrx_word' id='word_1_91' title='bbox 491 3477 690 3539; x_wconf 82' lang='lat' dir='ltr'><strong>OARMEN</strong></span> <span class='ocrx_word' id='word_1_92' title='bbox 709 3477 802 3537; x_wconf 84' lang='lat' dir='ltr'>XVI.</span> 
     </span>
     <span class='ocr_line' id='line_1_25' title="bbox 360 3622 937 3673; baseline 0 -3"><span class='ocrx_word' id='word_1_93' title='bbox 360 3622 412 3671; x_wconf 77' lang='lat' dir='ltr'>an</span> <span class='ocrx_word' id='word_1_94' title='bbox 433 3623 466 3670; x_wconf 87' lang='lat' dir='ltr'>o.</span> <span class='ocrx_word' id='word_1_95' title='bbox 487 3622 643 3673; x_wconf 74' lang='lat' dir='ltr'>ornarunt</span> <span class='ocrx_word' id='word_1_96' title='bbox 661 3622 937 3671; x_wconf 74' lang='lat' dir='ltr'>uancnuannu.</span> 
     </span>
    </p>
   </div>
   <div class='ocr_carea' id='block_1_9' title="bbox 256 3746 898 4106">
    <p class='ocr_par' dir='ltr' id='par_1_19' title="bbox 256 3746 898 3999">
     <span class='ocr_line' id='line_1_26' title="bbox 256 3746 797 3812; baseline 0.004 -2"><span class='ocrx_word' id='word_1_97' title='bbox 256 3746 419 3811; x_wconf 89' lang='lat' dir='ltr'>Inclusam</span> <span class='ocrx_word' id='word_1_98' title='bbox 435 3746 570 3811; x_wconf 86' lang='lat' dir='ltr'>Danaen</span> <span class='ocrx_word' id='word_1_99' title='bbox 588 3746 681 3812; x_wconf 89' lang='lat' dir='ltr'>turris</span> <span class='ocrx_word' id='word_1_100' title='bbox 699 3770 797 3812; x_wconf 87' lang='lat' dir='ltr'>aenea</span> 
     </span>
     <span class='ocr_line' id='line_1_27' title="bbox 258 3839 898 3925; baseline 0 -22"><span class='ocrx_word' id='word_1_101' title='bbox 258 3840 467 3925; x_wconf 86' lang='lat' dir='ltr'>robustaeque</span> <span class='ocrx_word' id='word_1_102' title='bbox 484 3839 568 3905; x_wconf 88' lang='lat' dir='ltr'>fores</span> <span class='ocrx_word' id='word_1_103' title='bbox 587 3849 619 3905; x_wconf 92' lang='lat' dir='ltr'>et</span> <span class='ocrx_word' id='word_1_104' title='bbox 635 3840 767 3925; x_wconf 87' lang='lat' dir='ltr'>vigilum</span> <span class='ocrx_word' id='word_1_105' title='bbox 785 3863 898 3905; x_wconf 87' lang='lat' dir='ltr'>canum</span> 
     </span>
     <span class='ocr_line' id='line_1_28' title="bbox 301 3932 863 3999; baseline 0.004 -2"><span class='ocrx_word' id='word_1_106' title='bbox 301 3933 405 3999; x_wconf 87' lang='lat' dir='ltr'>tristes</span> <span class='ocrx_word' id='word_1_107' title='bbox 424 3932 575 3999; x_wconf 86' lang='lat' dir='ltr'>excubiae</span> <span class='ocrx_word' id='word_1_108' title='bbox 593 3934 770 3999; x_wconf 88' lang='lat' dir='ltr'>munierant</span> <span class='ocrx_word' id='word_1_109' title='bbox 787 3934 863 3999; x_wconf 86' lang='lat' dir='ltr'>satis</span> 
     </span>
    </p>

    <p class='ocr_par' dir='ltr' id='par_1_20' title="bbox 343 4027 738 4106">
     <span class='ocr_line' id='line_1_29' title="bbox 343 4027 738 4106; baseline 0.01 -16"><span class='ocrx_word' id='word_1_110' title='bbox 343 4028 503 4093; x_wconf 89' lang='lat' dir='ltr'>nocturnis</span> <span class='ocrx_word' id='word_1_111' title='bbox 522 4027 562 4093; x_wconf 85' lang='lat' dir='ltr'>ab</span> <span class='ocrx_word' id='word_1_112' title='bbox 580 4027 738 4106; x_wconf 85' lang='lat' dir='ltr'>adulteris,</span> 
     </span>
    </p>
   </div>
   <div class='ocr_carea' id='block_1_10' title="bbox 258 4160 1017 4529">
    <p class='ocr_par' dir='ltr' id='par_1_21' title="bbox 258 4160 1017 4529">
     <span class='ocr_line' id='line_1_30' title="bbox 258 4160 852 4249; baseline -0.002 -24"><span class='ocrx_word' id='word_1_113' title='bbox 258 4161 285 4226; x_wconf 90' lang='lat' dir='ltr'>si</span> <span class='ocrx_word' id='word_1_114' title='bbox 303 4184 366 4226; x_wconf 92' lang='lat' dir='ltr'>non</span> <span class='ocrx_word' id='word_1_115' title='bbox 383 4162 558 4240; x_wconf 83' lang='lat' dir='ltr'>Acrisium,</span> <span class='ocrx_word' id='word_1_116' title='bbox 577 4163 708 4249; x_wconf 87' lang='lat' dir='ltr'>virginis</span> <span class='ocrx_word' id='word_1_117' title='bbox 726 4160 852 4227; x_wconf 85' lang='lat' dir='ltr'>abditae</span> 
     </span>
     <span class='ocr_line' id='line_1_31' title="bbox 259 4254 940 4341; baseline -0.001 -23"><span class='ocrx_word' id='word_1_118' title='bbox 259 4256 422 4320; x_wconf 81' lang='lat' dir='ltr'>custodem</span> <span class='ocrx_word' id='word_1_119' title='bbox 439 4256 603 4341; x_wconf 88' lang='lat' dir='ltr'>pavidum,</span> <span class='ocrx_word' id='word_1_120' title='bbox 622 4256 764 4340; x_wconf 90' lang='lat' dir='ltr'>Iuppiter</span> <span class='ocrx_word' id='word_1_121' title='bbox 781 4264 813 4318; x_wconf 92' lang='lat' dir='ltr'>et</span> <span class='ocrx_word' id='word_1_122' title='bbox 830 4254 940 4318; x_wconf 88' lang='lat' dir='ltr'>Venus</span> 
     </span>
     <span class='ocr_line' id='line_1_32' title="bbox 300 4348 1017 4432; baseline 0 -21"><span class='ocrx_word' id='word_1_123' title='bbox 300 4348 456 4415; x_wconf 85' lang='lat' dir='ltr'>risissent:</span> <span class='ocrx_word' id='word_1_124' title='bbox 476 4349 543 4415; x_wconf 88' lang='lat' dir='ltr'>fore</span> <span class='ocrx_word' id='word_1_125' title='bbox 561 4349 644 4414; x_wconf 89' lang='lat' dir='ltr'>enim</span> <span class='ocrx_word' id='word_1_126' title='bbox 662 4358 764 4413; x_wconf 88' lang='lat' dir='ltr'>tutum</span> <span class='ocrx_word' id='word_1_127' title='bbox 782 4348 889 4413; x_wconf 88' lang='lat' dir='ltr'>iteret</span> <span class='ocrx_word' id='word_1_128' title='bbox 906 4357 1017 4432; x_wconf 89' lang='lat' dir='ltr'>patens</span> 
     </span>
     <span class='ocr_line' id='line_1_33' title="bbox 343 4442 782 4529; baseline -0.002 -22"><span class='ocrx_word' id='word_1_129' title='bbox 343 4464 494 4508; x_wconf 89' lang='lat' dir='ltr'>converso</span> <span class='ocrx_word' id='word_1_130' title='bbox 511 4442 545 4507; x_wconf 89' lang='lat' dir='ltr'>in</span> <span class='ocrx_word' id='word_1_131' title='bbox 562 4442 696 4529; x_wconf 88' lang='lat' dir='ltr'>pretium</span> <span class='ocrx_word' id='word_1_132' title='bbox 713 4443 782 4507; x_wconf 75' lang='lat' dir='ltr'>(loo.</span> 
     </span>
    </p>
   </div>
   <div class='ocr_carea' id='block_1_11' title="bbox 945 4547 987 4605">
    <p class='ocr_par' dir='ltr' id='par_1_22' title="bbox 945 4547 987 4605">
     <span class='ocr_line' id='line_1_34' title="bbox 945 4547 987 4605; baseline 0 -19"><span class='ocrx_word' id='word_1_133' title='bbox 945 4547 987 4605; x_wconf 73' lang='grc'>5*</span> 
     </span>
    </p>
   </div>
   <div class='ocr_carea' id='block_1_12' title="bbox 0 0 1621 5442">
    <p class='ocr_par' dir='ltr' id='par_1_23' title="bbox 0 0 1621 5442">
     <span class='ocr_line' id='line_1_35' title="bbox 0 0 1621 5442; baseline 0 0"><span class='ocrx_word' id='word_1_134' title='bbox 0 0 1621 5442; x_wconf 95' lang='lat' dir='ltr'> </span> 
     </span>
    </p>
   </div>
  </div>
 </body>
</html>
