3225 5442
638 695 672 760 Q.
687 694 852 749 HORATII
866 691 1005 748 FLACCI

478 853 574 928 luno,
594 861 626 914 et
643 851 772 915 deorum
791 850 934 933 quisquis
953 852 1082 918 amicior

478 946 567 1010 Afris
585 945 684 1009 inulta
702 954 840 1009 cesserat
856 943 1011 1030 impotens

520 1041 643 1117 tellure,
662 1039 817 1103 victorum
835 1050 964 1124 nepotes

564 1134 681 1198 rettulit
699 1133 827 1197 inferias
845 1132 1027 1219 Iugurthae.

477 1272 547 1355 quis
565 1293 629 1335 non
645 1270 763 1333 Latino
781 1269 934 1354 sanguine
951 1270 1099 1356 pinguior
1162 1290 1164 1294 ’

478 1386 608 1449 campus
627 1362 778 1448 sepulcris
796 1362 894 1447 impia
910 1363 1030 1448 proelia

519 1464 651 1522 testatur
668 1457 872 1539 auditumque
890 1456 997 1521 Medis
1101 1456 1104 1461 ’

561 1549 738 1633 Hesperiae
756 1550 893 1613 sonitum
910 1550 1038 1615 ruina-e?

476 1690 531 1772 qui
547 1709 664 1774 gurges
683 1696 738 1750 aut
755 1708 836 1769 quae
853 1686 984 1751 flumina
1000 1687 1144 1774 lugubris

476 1783 586 1868 ignara
603 1781 696 1845 belli?
713 1781 797 1864 quod
815 1804 900 1845 mare
920 1782 1067 1846 Dauniae

518 1898 582 1940 non
599 1874 820 1939 decoloravere
838 1876 969 1940 caedes?

561 1991 642 2053 quae
660 1978 745 2033 caret
763 1991 818 2033 ora
835 1991 944 2034 cruore
962 1971 1088 2035 nostro?

477 2108 606 2184 sedne,
624 2106 753 2181 relictis,
772 2104 871 2171 Musa
887 2129 1018 2193 procax,
1036 2108 1124 2185 iocis,

480 2200 565 2266 Ceae
582 2209 730 2264 retractes
749 2221 880 2265 munera
896 2202 1021 2266 neniae:

519 2317 644 2359 mecum
661 2293 807 2358 Dionaeo
826 2293 884 2358 sub
903 2305 992 2359 antro

562 2409 677 2472 quaere
695 2389 805 2459 modos
824 2388 940 2453 leviore
957 2387 1088 2473 plectro.¹

687 2614 885 2675 CARMEN
906 2614 952 2674 11.

540 2760 591 2809 nn
613 2760 645 2808 c.
666 2708 906 2810 sannusrrun
926 2759 1098 2810 crusruM.

475 2886 588 2950 Nullus
606 2895 736 2971 argento
755 2884 841 2949 color
858 2894 907 2948 est
924 2885 1025 2949 avaris

476 2980 582 3045 abdito
600 2981 704 3057 terris,
722 2979 848 3043 inimice
865 2978 988 3043 lamnae

476 3073 589 3159 Crispe
609 3071 753 3150 Sallusti,
771 3073 833 3137 nisi
851 3082 1022 3157 temperato

539 3167 702 3252 splendeat
719 3190 789 3230 usu.

475 3304 560 3367 rivet
578 3313 704 3368 extento
722 3302 907 3368 Proculeius
926 3324 1014 3378 aevo,

475 3407 569 3461 notus
586 3398 620 3460 in
637 3397 749 3461 fratres
768 3398 864 3461 animi
880 3397 1015 3483 paterni3

476 3488 564 3553 illum
582 3499 656 3576 aget
671 3512 776 3575 penna
793 3500 951 3556 metuente
970 3493 1049 3557 solvi

538 3583 639 3647 Fama
657 3595 825 3669 superstes.
880 3640 882 3644 ,

354 3726 356 3730 ’
474 3719 568 3785 latius
585 3743 699 3806 regnes
718 3722 845 3785 avidum
864 3723 1020 3788 domando

475 3814 631 3898 spiritum,
651 3837 746 3898 quam
765 3815 793 3879 si
810 3816 948 3901 Libyam
966 3816 1093 3881 remotis

475 3903 618 3972 Gadibus
636 3908 749 3994 iungas
768 3920 804 3973 et·
816 3919 946 3993 uterque
963 3911 1089 3975 Poenus

539 4002 654 4066 serviat
670 4004 734 4066 uni.

475 4138 586 4202 crescit
602 4138 769 4224 indulgens
788 4139 850 4204 sibi
866 4140 952 4205 dirus
970 4140 1119 4225 hydrops,

474 4253 533 4295 nec
550 4230 635 4294 sitim
651 4232 753 4316 pellit,
771 4233 833 4297 nisi
851 4255 965 4298 caussa
981 4232 1083 4297 morbi

474 4325 590 4411 fugerit
606 4326 696 4390 venis
713 4337 745 4391 et
763 4350 900 4411 aquosus
919 4328 990 4393 albo

539 4440 668 4503 corpore
685 4420 827 4507 languor.
