3225 5442
266 720 328 786 164
589 731 624 799 Q.
640 729 804 787 HORATII
822 730 973 787 FLACCI

263 902 355 975 atque
373 890 467 956 etiam
485 889 645 953 insanum:
668 896 788 952 tantum
806 888 870 953 hoc
888 889 1048 967 edissere,
1068 910 1131 973 quo
1147 911 1192 952 me

263 994 424 1070 aegrotare
441 992 533 1068 putes
551 982 647 1046 animi
665 982 750 1046 vitio.
769 1020 811 1028 —
831 982 962 1067 accipe:
981 984 1125 1067 primum

263 1078 419 1155 aedificas,
438 1077 497 1141 hoe
515 1085 573 1153 est,
590 1075 704 1162 longos
721 1075 865 1152 imitaris,
884 1076 930 1140 ab
949 1077 1017 1141 imo

262 1173 303 1237 ad
322 1193 479 1236 summum
497 1179 581 1234 totus
600 1169 719 1233 moduli
736 1168 908 1254 bipedalis3
933 1180 969 1234 et
986 1171 1077 1235 idem

195 1287 245 1335 3ιο
263 1286 391 1349 corpore
409 1263 559 1327 maiorem
576 1263 660 1327 rides
679 1261 837 1326 Turbonis
856 1262 890 1325 in
908 1264 1012 1329 armis

263 1358 406 1443 spiritum
425 1370 457 1422 et
473 1358 646 1422 incessum:
669 1356 724 1439 qui
739 1355 891 1420 ridiculus
910 1358 1025 1422 minus
1043 1358 1121 1423 illo?

262 1476 304 1516 an
320 1452 540 1535 quodcumque
558 1449 633 1514 facit
650 1448 832 1526 Maecenas,
851 1458 883 1513 te
901 1472 1038 1535 quoque
1057 1476 1169 1517 verum
1185 1461 1225 1517 est

262 1556 384 1610 tantum
401 1544 586 1608 dissimilem
604 1553 636 1608 et
652 1553 739 1607 tanto
757 1552 878 1607 certare
895 1544 1083 1610 minorem?

263 1639 401 1703 absentis
419 1660 513 1701 ranae
531 1637 624 1722 pullis
642 1637 731 1700 vituli
748 1637 828 1722 pede
845 1639 983 1723 pressis,

195 1754 245 1801 315
264 1756 345 1796 unus
363 1731 419 1796 ubi
437 1731 557 1817 effugit,
576 1732 668 1795 matri
685 1731 839 1807 denarrat,
858 1740 894 1794 ut
910 1732 1034 1819 ingens

263 1825 367 1891 bellua
385 1835 536 1910 cognatos
554 1824 678 1889 eliserit.
701 1824 755 1889 illa
771 1847 898 1910 rogare:

263 1918 440 2002 quantana?
461 1941 537 1981 num
555 1927 689 1995 tantum,
709 1918 842 1982 sufflans
862 1940 912 1996 se,
930 1943 1058 2006 magna
1078 1922 1206 1987 fuisset?
1218 1957 1250 1963 -

262 2013 363 2076 maior
380 2010 524 2075 dimidio!
544 2050 585 2058 -
602 2034 679 2075 num
697 2012 836 2075 tantum?
858 2051 901 2059 —
919 2034 1026 2095 quum
1045 2018 1153 2102 magis
1170 2026 1250 2099 atque

264 2129 298 2171 se
315 2104 417 2190 magis
435 2104 571 2183 inflaret3
593 2127 657 2169 non
676 2104 703 2168 si
720 2114 751 2168 te
768 2106 906 2189 ruperis,
924 2106 1045 2190 inquit,

195 2220 245 2269 330
262 2199 407 2286 pararis.
430 2197 509 2262 haec
527 2222 546 2262 a
564 2208 594 2263 te
611 2222 675 2263 non
692 2199 826 2262 multum
843 2198 970 2264 abludit
989 2202 1113 2289 imago

263 2294 343 2357 addo
361 2302 507 2377 poemata
524 2315 621 2369 nune,
640 2292 701 2356 hoc
718 2302 780 2370 est,
799 2292 905 2357 oleum
922 2295 1011 2359 adde
1030 2298 1158 2362 camino
1164 2324 1174 2376 ;

262 2408 343 2470 quae
363 2386 390 2450 si
406 2386 476 2469 quis
496 2409 591 2450 sanus
610 2386 698 2463 lecit,
718 2410 812 2451 sanus
830 2386 911 2451 facis
930 2381 963 2452 et
982 2399 1030 2454 tu.
1136 2428 1139 2431 <

263 2503 327 2543 non
345 2480 415 2544 dico
432 2480 619 2544 horrendam
636 2479 755 2544 rabiem
774 2519 815 2527 —
837 2480 901 2544 iam
919 2482 1046 2548 desine.
1067 2524 1111 2531 -—
1131 2485 1240 2549 cultum

262 2573 412 2637 maiorem
430 2595 528 2637 censu
546 2613 587 2620 -
606 2584 726 2651 teneas,
745 2574 957 2659 Damasippo,
978 2578 1046 2641 tuis
1066 2588 1108 2643 te.
1130 2618 1170 2625 —

196 2688 244 2735 325
263 2668 347 2731 mille
365 2668 553 2752 puellarum,
571 2691 738 2753 puerorum
756 2668 841 2732 mille
858 2668 995 2734 furores.
1017 2710 1061 2719 -

263 2785 282 2826 o
300 2762 412 2840 maior,
431 2763 556 2826 tandem
573 2785 700 2848 parcas,
718 2763 842 2840 insane,
860 2762 985 2829 minori.

649 3007 830 3067 SATIRA
852 3008 906 3066 lv.

263 3136 357 3201 Unde
376 3147 406 3201 et
424 3160 486 3221 quo
506 3136 636 3202 Catius?
656 3177 694 3185 -
713 3160 776 3202 non
793 3148 842 3203 est
858 3138 935 3201 mihi
955 3149 1085 3225 tempus
1105 3141 1210 3206 aventi

261 3254 376 3315 ponere
396 3231 486 3317 signa
503 3232 593 3295 novis
611 3233 800 3318 praeceptis,
820 3232 924 3316 qualia
943 3234 1077 3298 vineant

261 3325 465 3411 Pythagoran
482 3325 645 3410 Anytique
662 3349 752 3390 reum
770 3327 958 3411 doctumque
977 3326 1127 3393 Platona.
1148 3368 1188 3375 —

261 3421 557 3502 peecatumfateor,
576 3442 674 3502 quum
692 3431 722 3485 te
741 3422 787 3485 sic
805 3432 944 3506 tempore
962 3421 1057 3487 laevo

228 3532 243 3578 5
262 3513 497 3597 interpellarim:
521 3515 577 3578 sed
595 3516 650 3579 des
669 3516 792 3579 veniam
811 3516 913 3581 bonus
931 3538 996 3580 oro.

261 3609 347 3689 quod
366 3609 393 3672 si
410 3608 599 3671 interciderit
617 3608 673 3673 tibi
690 3632 773 3673 nunc
791 3609 923 3693 aliquid,
941 3619 1069 3695 repetes
1087 3633 1173 3687 mox,

262 3701 328 3765 sive
347 3711 395 3765 est
412 3711 541 3766 naturae
558 3702 619 3767 hoc
637 3704 704 3767 sive
722 3704 812 3781 artis,
831 3704 929 3769 mirus
946 3714 1094 3786 utroque.
1113 3744 1156 3751 —-

261 3795 338 3878 quin
354 3797 388 3859 id
406 3806 471 3860 erat
489 3819 595 3874 curae,
615 3819 678 3880 quo
694 3808 788 3883 paeto
807 3807 920 3862 cuncta
937 3807 1089 3876 tenerem,

260 3900 369 3974 utpote
386 3913 437 3955 res
456 3901 575 3968 tenues,
595 3893 680 3956 tenui
699 3915 841 3957 sermone
858 3902 1013 3978 peractas.
1032 3930 1076 3939 —

213 4002 243 4048 10
262 3986 319 4048 ede
337 3985 471 4049 hominis
488 4009 617 4063 nomen3
637 3987 730 4050 simul
748 3998 779 4051 et
796 3987 959 4051 Romanus
978 4008 1020 4050 an
1037 3985 1167 4071 hospes.
1188 4023 1227 4033 w-

260 4077 330 4162 ipsa
347 4102 467 4144 memor
483 4089 650 4165 praecepta
668 4104 792 4158 canam,
813 4080 963 4145 celabitur
981 4089 1102 4144 auctor.

261 4170 356 4258 longa
373 4173 488 4255 quibus
506 4173 604 4238 facies
623 4174 691 4238 ovis
710 4175 781 4252 erit,
801 4175 856 4238 illa
872 4182 1030 4237 memento

260 4275 295 4328 ut
314 4268 399 4330 succi
416 4267 553 4331 melioris
572 4281 603 4332 et
620 4278 655 4331 ut
672 4268 774 4354 magis
793 4268 876 4332 alma
893 4266 1035 4331 rotundis

260 4380 390 4444 ponere3
414 4383 549 4444 namque
568 4385 686 4426 marem
705 4362 851 4427 cohibent
869 4362 986 4426 callosa
1003 4360 1156 4424 vitellum.

212 4469 242 4513 15
261 4454 349 4517 caule
368 4455 559 4534 suburbano,
578 4457 633 4542 qui
651 4457 742 4522 siccis
760 4458 859 4523 crevit
877 4458 910 4521 iu
927 4455 1022 4542 agris,
