3225 5442
529 806 753 863 SATlRARUM
766 807 841 862 LlB.
856 809 893 861 lI.
1162 799 1221 863 151

176 969 326 1055 pugnis:
346 975 422 1050 quot
440 965 577 1049 capitum
594 964 718 1039 vivunt,
737 965 866 1027 totidem
885 966 1058 1032 studiorum

191 1063 307 1128 millia:
327 1082 376 1124 me
395 1058 528 1143 pedibus
546 1058 680 1121 delectat
698 1058 841 1121 claudere
860 1059 956 1124 verba

191 1156 304 1222 Lucili
320 1156 395 1230 ritu,
415 1164 555 1217 nostrum
574 1152 709 1216 melioris
727 1162 868 1234 utroque.

192 1251 250 1316 ille
267 1250 352 1313 velut
369 1248 440 1311 fidis
459 1270 572 1311 areana
589 1245 749 1311 sodalibus
768 1247 842 1310 olim

194 1343 345 1409 credebat
361 1341 464 1418 libris,
483 1362 585 1424 neque
603 1340 630 1405 si
647 1340 729 1403 male
747 1350 885 1405 cesserat
901 1363 1041 1424 unquam

152 1465 158 1472 ·
185 1440 365 1502 decurrens
384 1436 458 1512 alio,
477 1456 578 1517 neque
597 1435 624 1497 si
641 1433 735 1511 bene3
754 1456 816 1516 quo
834 1435 870 1498 fit
887 1446 922 1498 ut
940 1438 1041 1500 omnis

194 1532 303 1596 votiva
318 1540 425 1615 pateat
443 1530 538 1592 veluti
556 1529 712 1611 descripta
730 1527 845 1592 tabella

194 1626 263 1689 vita
281 1624 373 1690 senis.
393 1645 507 1705 sequor
524 1622 608 1686 hunc
625 1623 777 1686 Lucanus
796 1646 836 1685 an
855 1621 981 1707 Apulus
1000 1648 1129 1711 anceps:

194 1742 271 1784 nam
288 1717 469 1783 Venusinus
488 1727 556 1781 arat
572 1716 667 1780 finem
686 1715 745 1780 sub
762 1725 930 1799 utrumque
949 1717 1087 1797 colonus,
1246 1742 1278 1790 35

196 1813 314 1877 missus
333 1813 373 1876 ad
390 1813 450 1876 hoc
467 1812 582 1896 pulsis,
601 1821 691 1875 vetus
711 1819 760 1875 est
777 1820 812 1874 ut
830 1811 928 1888 fama,
949 1810 1095 1891 Sabellis,

196 1929 260 1989 quo
277 1929 317 1970 ne
334 1929 391 1990 per
407 1927 543 1969 vacuum
559 1905 704 1970 Romano
722 1903 892 1968 incurreret
909 1906 1018 1983 hostis,

197 2001 265 2065 sive
283 2000 368 2083 quod
385 1998 493 2083 Apula
510 2020 588 2083 gens
608 2020 665 2063 seu
682 1999 766 2080 quod
784 1999 929 2062 Lucania
946 1998 1063 2063 bellurn

196 2095 349 2158 incuteret
366 2093 510 2156 violenta.
531 2092 587 2156 sed
604 2092 655 2155 hic
674 2091 763 2155 stilus
781 2090 867 2155 haud
884 2104 969 2177 petet
986 2094 1069 2159 tdtro

196 2210 386 2271 quemquam
403 2187 606 2263 animantem,
626 2195 657 2250 et
674 2208 725 2250 me
744 2186 839 2249 veluti
858 2188 1011 2252 custodiet
1029 2191 1112 2253 ensis
1245 2212 1278 2257 40

198 2284 312 2367 vagina
329 2292 443 2346 tectus:
463 2304 555 2364 quem
575 2304 630 2345 cur
647 2282 839 2367 destringere
858 2304 952 2347 coner

196 2386 281 2439 tutus
299 2376 339 2441 ab
358 2376 479 2439 infestis
497 2375 688 2440 latronibus?
705 2399 724 2440 ο
741 2386 829 2459 pater
848 2385 879 2440 et
895 2400 952 2440 rex

195 2470 348 2554 Iuppiter,
367 2480 402 2533 ut
419 2479 526 2553 pereat
542 2470 680 2555 positum
698 2470 841 2556 robigine
860 2471 965 2548 telum,

196 2586 253 2627 nec
271 2564 438 2646 quisquam
455 2573 567 2628 noceat
584 2565 698 2648 cupido
718 2565 793 2628 mibi
811 2564 913 2649 pacisl
933 2566 1043 2644 atille,
1102 2559 1108 2571 ’

195 2658 249 2740 qui
266 2680 317 2721 me
335 2658 497 2722 commorit
515 2697 555 2704 —
574 2659 686 2722 melius
704 2682 767 2722 non
785 2659 927 2744 tangere!
948 2660 1048 2724 clamo
1067 2699 1108 2707 --
1243 2684 1276 2730 45

195 2751 281 2814 flebit
299 2760 330 2814 et
347 2752 479 2837 insignis
498 2762 563 2815 tota
581 2751 757 2816 cantabitur
774 2754 862 2817 urbe.

196 2844 444 2916 Cerviusiratus
463 2846 549 2931 leges
567 2847 728 2910 minitatur
746 2858 776 2910 et
794 2850 929 2925 urnam}

196 2939 329 3004 Canidia
346 2939 458 3004 Albuti
477 2941 590 3023 quibus
610 2951 658 3006 est
673 2942 800 3005 inimica
818 2964 988 3019 venenum3

193 3035 313 3119 grande
331 3035 448 3098 malum
466 3034 597 3112 Turius,
617 3035 738 3118 siquid
757 3059 790 3100 se
809 3036 911 3100 iudice
930 3047 1038 3101 certes.

193 3139 230 3191 ut
247 3150 308 3210 quo
327 3128 459 3211 quisque
476 3128 560 3192 valet
578 3139 741 3213 suspectos
760 3139 886 3207 terreat,
905 3140 1001 3213 utque

192 3222 326 3305 imperet
342 3222 403 3286 hoc
420 3232 531 3286 natura
547 3233 674 3306 potens,
693 3224 739 3287 sic
757 3224 869 3308 collige
888 3246 1021 3287 mecum.

193 3316 287 3379 dente
305 3315 412 3399 lupus,
432 3338 530 3380 comu
547 3326 654 3381 taurus
672 3318 764 3402 petit;
783 3319 867 3380 unde
885 3318 945 3381 nisi
963 3318 1047 3382 intus

160 3431 163 3438 ’
193 3410 420 3474 monstratum?
439 3408 580 3475 Scaevae
597 3411 739 3475 vivacem
760 3412 852 3474 crede
870 3412 976 3495 nepoti

192 3513 338 3566 matrem:
356 3504 400 3566 nil
419 3503 512 3570 faciet
530 3503 655 3568 sceleris
673 3506 726 3589 pia
744 3506 885 3568 dextera:
904 3504 1030 3569 miruml

192 3607 228 3660 ut
245 3620 346 3680 neque
361 3599 445 3661 calce
459 3598 551 3683 lupus
567 3621 756 3683 quemquam
770 3622 872 3682 neque
891 3601 983 3663 dente
1002 3600 1080 3685 petit
1097 3599 1170 3676 bos}
1181 3640 1219 3646 -
1241 3621 1273 3667 55

193 3690 250 3754 sed
267 3692 350 3755 mala
367 3691 453 3756 tollet
471 3716 566 3755 annm
584 3693 692 3758 vitiato
710 3694 801 3757 melle
821 3694 931 3757 cicuta.

193 3807 232 3848 ne
248 3785 379 3874 longum
396 3786 525 3850 faciam:
544 3809 601 3851 seu
618 3809 669 3851 me
687 3788 854 3871 tranquilla
873 3797 1017 3853 senectus

193 3889 367 3963 exspectat,
387 3901 444 3944 seu
460 3903 545 3945 mors
563 3881 638 3945 atris
658 3882 861 3946 circumvolat
879 3883 951 3960 alis3

192 3972 295 4048 dives,
314 3973 419 4057 inops,
438 3974 559 4038 Romae
578 3997 636 4038 seu
653 3975 718 4040 fors
735 3976 780 4040 ita
796 3976 906 4039 luserit
924 3975 1023 4052 exsul,

191 4065 334 4149 quisquis
352 4068 410 4130 erit
427 4068 510 4133 vitae
529 4068 663 4133 scribam
682 4070 776 4134 color.
796 4109 838 4116 —
856 4092 875 4133 o
893 4092 971 4154 puer
988 4080 1023 4133 ut
1041 4070 1084 4133 sis
1241 4089 1273 4135 60

191 4160 295 4224 vitalis
312 4173 432 4239 metuo,
452 4173 483 4227 et
500 4164 653 4228 maiorum
670 4186 710 4228 ne
728 4163 799 4246 quis
818 4164 938 4227 amicus

191 4251 308 4338 frigore
325 4264 357 4318 tc
376 4255 475 4319 feriat.
495 4296 536 4303 —
555 4257 649 4339 quid?
665 4280 763 4339 quum
781 4266 830 4321 est
847 4256 990 4320 Lucilius
1009 4277 1105 4319 ausus

147 4337 150 4351 ’
190 4346 310 4431 primus
329 4347 362 4410 in
378 4348 461 4412 hunc
479 4350 582 4435 operis
601 4373 786 4436 componere
805 4349 942 4414 carmina
959 4371 1086 4424 morem,

165 4452 172 4460 '
191 4440 353 4508 detrahere
372 4451 403 4506 et
419 4444 547 4528 pellem,
566 4445 682 4510 nitidus
700 4467 763 4530 qua
780 4445 913 4528 quisque
930 4466 986 4529 per
1004 4466 1058 4508 ora

191 4534 334 4612 cederet,
353 4535 522 4603 introrsum
540 4539 638 4624 turpis
644 4563 653 4617 ;
670 4561 747 4603 num
764 4538 895 4603 Laelius
914 4547 945 4603 et
962 4538 1016 4622 qui
1239 4557 1270 4604 65
