3225 5442
443 739 652 799 OARMINUM
669 740 743 795 LIB.
757 742 809 795 111.

261 901 320 965 hae
338 910 404 965 arte
420 898 536 963 Pollux
554 908 586 962 et
602 921 703 984 vagus
724 896 878 964 Hercules

262 994 368 1059 enisus
386 1014 473 1057 arces
492 991 595 1078 attigit
611 992 731 1077 igneas,

300 1110 379 1171 quos
397 1087 478 1151 inter
494 1084 662 1171 Augustus
679 1085 866 1151 recumbens

344 1202 500 1267 purpureo
517 1178 597 1244 bibit
614 1201 667 1243 ore
685 1189 800 1244 nectar.

261 1318 320 1383 hac
338 1328 368 1382 te
385 1325 569 1393 merentem,
588 1315 714 1380 Bacche
731 1325 833 1401 poter,
853 1326 924 1382 tuae

261 1432 373 1475 vexere
391 1410 502 1496 tigres,
520 1409 648 1474 indocili
664 1410 774 1496 iugum

302 1504 382 1569 eollo
400 1503 572 1568 trahentes:
590 1503 650 1567 hae
668 1501 820 1585 Quirinus

345 1596 459 1662 Martis
478 1596 566 1679 equis
584 1594 767 1661 Acheronta
783 1595 875 1682 fugit,

261 1734 385 1811 gratum
403 1724 551 1807 eloquuta
568 1723 804 1789 consiliantibus

259 1819 379 1883 Iunone
397 1818 493 1882 divis:
514 1817 628 1897 „Ilion,
647 1817 727 1881 Ilion

301 1912 405 1977 fatalis
422 1913 624 1997 incestusque
641 1913 736 1977 iudex

345 2018 375 2072 et
393 2008 505 2072 mulier
520 2007 686 2094 peregrina
703 2008 796 2071 vertit

258 2136 291 2200 in
307 2134 482 2221 pulverem,
501 2158 541 2200 ex
557 2158 620 2219 quo
638 2136 778 2201 destituit
796 2136 872 2201 deos

261 2231 403 2296 mercede
420 2240 514 2315 pacta
530 2232 731 2309 Laomedon,
749 2231 826 2294 mihi

302 2334 469 2408 castaeque
487 2326 668 2390 damnatum
686 2325 851 2391 Minervae

343 2441 415 2483 cum
431 2418 549 2504 populo
566 2430 597 2483 et
615 2421 694 2484 duce
712 2419 920 2484 fraudulento.

257 2549 320 2612 iam
337 2570 395 2612 neo
411 2549 579 2613 Lacaenae
597 2548 740 2634 splendet
757 2549 915 2614 adulterae

258 2642 398 2706 famosus
417 2641 547 2727 hospes,
565 2664 625 2707 nee
642 2641 761 2708 Priami
778 2644 891 2709 domus

298 2735 423 2821 periura
438 2758 599 2822 pugnaces
618 2735 759 2802 Achivos

347 2828 511 2893 Hectoreis
530 2828 642 2914 opibus
659 2829 812 2916 refringit,

256 2955 433 3040 nostrisque
452 2956 581 3021 ductum
600 2958 806 3024 seditionibus

225 3041 233 3116 s
257 3048 374 3113 bellum
391 3050 517 3114 resedit
535 3051 678 3135 protinus
697 3063 858 3138 etgraves

298 3142 361 3207 iras
380 3153 412 3207 et
428 3143 565 3207 invisum
582 3154 737 3229 nepotem,

344 3236 440 3301 Troia
457 3259 551 3321 quem
568 3239 690 3323 peperit
708 3239 864 3316 sacerdos,

257 3365 354 3430 Marti
371 3368 545 3446 redonabo;
563 3370 651 3433 illum
671 3392 731 3456 ego
748 3369 869 3434 lucidas

255 3461 333 3525 inire
351 3461 457 3538 sedes,
476 3464 590 3527 ducere
607 3464 741 3529 nectaris

300 3577 410 3620 suecos
429 3564 460 3619 et
477 3556 614 3621 adscribi
632 3558 744 3641 quictis

342 3650 501 3714 ordinibus
519 3651 620 3735 patiar
638 3651 777 3715 deorum.

257 3777 332 3842 dum
350 3778 464 3866 longus
482 3779 562 3844 inter
580 3782 699 3846 saeviat
714 3782 797 3847 Ilion

257 3870 454 3956 Romamque
471 3883 601 3959 pontus,
620 3875 759 3959 qualibet
777 3876 902 3942 exsules

298 3964 330 4027 in
348 3976 435 4050 parte
452 3977 604 4053 regnanto
622 3969 719 4049 beati3

340 4058 415 4123 dum
432 4058 551 4124 Priami
569 4062 756 4147 Paridisque
774 4064 868 4128 busto

255 4184 383 4249 insultet
401 4198 575 4252 armentum
594 4200 625 4252 et
642 4190 761 4254 catulos
779 4189 865 4254 ferae

255 4277 357 4341 celent
373 4278 504 4358 inultae,
524 4290 585 4345 stet
604 4280 794 4367 Capitolium

298 4370 422 4457 fulgens
441 4374 700 4460 triumphatisque
717 4376 819 4461 possit

340 4466 443 4531 Roma
460 4468 548 4533 ferox
566 4471 640 4534 dare
658 4470 726 4535 iura
742 4470 858 4536 Medis.
