3225 5442
559 718 836 775 EPISTOLARUM
854 719 927 773 LIB.
941 719 977 773 II.
1213 706 1275 772 211

244 881 410 946 Tellurem
427 900 537 964 porco,
558 875 723 942 Silvanum
741 876 821 940 lacte
838 875 977 961 piabant,

242 974 380 1040 floribus
399 983 430 1038 et
447 973 519 1036 vino
539 969 691 1047 Genium,
710 992 881 1034 memorem
898 969 1003 1034 brevis
1021 969 1100 1033 aevi.

240 1066 445 1133 Fescennina
462 1088 520 1150 per
536 1064 619 1128 hunc
636 1065 764 1128 inventa
781 1064 906 1128 licentia
923 1086 1042 1128 morem

240 1161 392 1226 versibus
411 1160 537 1224 alternis
555 1157 721 1243 opprobria
739 1158 856 1222 rustica
873 1157 965 1235 fudit,

240 1255 437 1338 libertasque
455 1264 648 1317 recurrentes
666 1262 795 1338 accepta
812 1274 869 1337 per
886 1273 984 1316 annos

239 1349 323 1413 lusit
340 1347 529 1423 amabiliter,
548 1347 648 1410 donec
665 1346 729 1410 iam
747 1369 861 1410 saevus
881 1354 1020 1428 apertam

239 1444 275 1506 in
294 1441 417 1505 rabiem
435 1442 536 1525 coepit
553 1440 632 1503 verti
649 1439 737 1504 iocus
756 1449 787 1503 et
804 1462 860 1524 per
877 1439 1025 1503 honestas

240 1538 290 1600 ire
311 1536 423 1600 domos
441 1534 569 1619 impune
587 1533 703 1597 minax.
726 1533 854 1597 doluere
872 1544 1000 1597 cruento

240 1632 341 1694 dente
359 1628 510 1694 lacessiti:
528 1628 589 1691 fuit
605 1628 729 1691 intactis
747 1649 872 1711 quoque
891 1649 967 1692 cura

241 1721 425 1788 conditione
444 1743 538 1806 super
556 1722 713 1785 communi
719 1746 728 1799 ;
747 1721 823 1805 quin
841 1722 935 1785 etiam
952 1721 1004 1786 lex

240 1838 410 1902 poenaque
427 1815 503 1893 lata,
523 1815 605 1879 malo
623 1836 703 1897 quae
721 1815 817 1879 nollet
835 1816 971 1879 carmine
989 1837 1179 1899 quemquam

241 1907 398 1975 describi:
417 1917 536 1972 vertere
554 1908 682 1972 modum
699 1908 866 1972 formidine
885 1908 978 1973 fustis

242 2004 286 2068 ad
305 2002 569 2067 benedicendum
589 2002 868 2085 delectandumque
886 2002 1013 2067 redacti.

243 2094 385 2161 Graecia
402 2105 493 2180 capta
511 2095 610 2160 ferum
629 2096 780 2160 victorem
798 2097 881 2182 cepit
899 2106 930 2160 et
947 2106 1029 2161 artes

241 2189 350 2262 intulit
369 2189 485 2274 agresti
501 2190 610 2254 Latio:
630 2190 676 2254 sic
688 2189 837 2254 ,horridus
855 2190 906 2253 ille

244 2282 380 2348 defluxit
396 2305 545 2348 numerus
565 2281 731 2348 Saturnius
751 2294 782 2349 et
798 2307 895 2371 graue
913 2284 998 2348 virus

244 2376 419 2441 munditiae
436 2376 598 2461 pepulere3
617 2378 723 2442 sedin
741 2378 870 2464 longum
888 2388 993 2441 tamen
1010 2400 1123 2442 aevum

245 2481 430 2534 manserunt
447 2469 601 2553 hodieque
619 2481 746 2535 manent
762 2472 896 2558 vestigia
913 2472 1003 2536 ruris.

246 2586 338 2629 serus
357 2564 439 2627 enim
460 2562 589 2629 Graecis
608 2566 747 2629 admovit
764 2567 910 2652 acumina
928 2567 1053 2643 chartis,

246 2667 279 2721 et
296 2667 369 2741 post
384 2657 507 2722 Punica
523 2657 606 2723 bella
623 2659 747 2742 quietus
765 2682 915 2743 quaerere
934 2663 1045 2746 coepit,

248 2751 325 2834 quid
345 2748 516 2837 Sophocles
535 2762 566 2816 et
584 2752 720 2837 Thespis
739 2763 769 2817 et
787 2752 969 2839 Aeschylus
986 2756 1062 2819 utile
1080 2755 1206 2818 ferrent.

248 2845 379 2909 tentavit
395 2868 519 2929 quoque
536 2868 602 2910 rem
621 2846 649 2911 si
666 2847 760 2932 digne
779 2858 899 2911 vertere
916 2860 1033 2933 posset,

249 2948 280 3001 et
297 2938 413 3023 placuit
432 2939 492 3003 sibi
509 2950 619 3003 natura
638 2940 780 3005 sublimis
800 2951 831 3004 et
849 2963 934 3017 acer3

248 3054 322 3095 nam
341 3032 437 3114 spirat
455 3032 608 3117 tragicum
628 3034 703 3097 satis
722 3042 753 3097 et
770 3033 903 3098 feliciter
920 3034 1028 3112 audet3

249 3124 307 3189 sed
323 3134 446 3209 turpem
463 3135 552 3211 putat
569 3127 727 3212 inscriptis
746 3129 918 3212 metuitque
935 3128 1071 3192 lituram.

250 3220 397 3296 creditur,
417 3242 457 3283 ex
475 3221 577 3285 medio
595 3222 670 3304 quia
686 3244 736 3285 res
756 3223 900 3299 arcessit,
919 3222 1034 3287 habere

250 3312 373 3377 sudoris
392 3313 569 3391 minimum,
589 3316 646 3379 sed
662 3314 757 3380 habet
774 3317 936 3380 comoedia
953 3326 1039 3380 tanto

249 3405 320 3491 plus
339 3407 455 3483 oneris,
474 3418 590 3490 quanto
609 3408 718 3473 veniae
737 3410 851 3473 minus.
875 3410 1017 3495 adspice,
1036 3410 1168 3473 Plautus
1298 3428 1346 3474 170

249 3520 311 3581 quo
330 3508 421 3584 pacto
438 3508 543 3583 partes
561 3509 677 3565 tutetur
694 3503 827 3566 amantis
846 3503 975 3588 ephebi3

250 3603 284 3655 ut
301 3593 399 3678 patris
417 3594 677 3671 attenti31enonis
696 3606 731 3658 ut
748 3595 906 3659 insidiosi:

249 3697 385 3769 quantus
405 3686 445 3750 sit
461 3686 649 3751 Dossennus
669 3688 818 3753 edacibus
836 3690 868 3752 in
886 3690 1032 3774 parasitis
1038 3716 1047 3767 3

249 3801 346 3862 quam
363 3802 426 3843 non
444 3781 590 3845 adstricto
608 3795 767 3866 percurrat
784 3783 905 3868 pulpita
924 3806 1030 3849 socco:

249 3874 345 3958 gestit
363 3874 445 3937 onim
463 3898 593 3939 numum
610 3876 643 3938 in
660 3877 779 3941 loculos
798 3877 975 3954 demittere,
992 3887 1065 3962 post
1082 3877 1143 3941 hoc
1300 3897 1347 3943 175

250 3988 379 4031 securus
399 3969 489 4031 radat
508 3992 547 4031 an
564 3979 649 4033 recto
668 3979 728 4034 stet
745 3970 854 4035 sabula
871 3972 944 4035 talo.

250 4082 345 4143 quem
364 4061 433 4124 tulit
449 4063 491 4125 ad
509 4085 635 4127 scenam
652 4073 783 4130 ventoso
801 4066 902 4151 gloria
920 4088 1021 4141 curru,

251 4155 408 4220 exanimat
425 4155 527 4219 lentus
547 4167 715 4242 spectator,
736 4160 864 4224 sedulus
882 4160 978 4224 inflat.

250 4250 397 4327 uiolare,
417 4250 462 4315 sic
479 4274 611 4336 parvum
630 4266 691 4331 est,
711 4255 850 4319 animum
868 4255 953 4338 quod
970 4253 1072 4318 laudis
1089 4274 1217 4316 avarum

252 4343 373 4407 subruit
391 4356 444 4407 aut
461 4346 572 4410 reficit!
592 4347 694 4412 valeat
710 4370 760 4412 res
779 4348 912 4424 ludicra,
932 4348 960 4411 si
977 4370 1027 4411 me

251 4437 356 4524 palma
373 4448 487 4523 negata
504 4463 657 4519 macrum,
677 4441 791 4508 donata
809 4443 929 4508 reducit
946 4442 1094 4527 opimum.

1046 4548 1107 4606 14*
