3225 5442
588 719 813 778 SATIRARUM
830 720 904 776 LIB.
917 721 955 778 11.

254 883 418 974 personuit
435 880 576 946 canibus.
599 889 667 943 tum
683 878 834 944 rusticus:
852 878 937 943 haud
955 879 1031 943 mihi
1048 879 1113 944 vita
1305 900 1352 946 115

222 993 225 998 '
255 990 304 1046 est
322 1001 402 1065 opus
420 976 494 1051 hac,
513 974 571 1051 ait,
590 981 622 1037 et
638 972 760 1050 valeas3
779 995 829 1037 me
849 973 928 1038 silva
946 995 1104 1057 cavusque

255 1085 342 1140 tutus
361 1072 401 1137 ab
419 1069 541 1135 insidiis
559 1066 645 1133 tenui
663 1066 814 1132 solabitur
831 1089 915 1132 ervo.
962 1123 966 1129 .

635 1310 816 1372 SATIRA
838 1312 914 1372 VII.

255 1448 447 1514 Iamdudum
464 1445 607 1511 ausculto
625 1452 656 1508 et
674 1443 802 1528 cupiens
822 1442 878 1507 tibi
896 1443 999 1507 dicere
1017 1466 1126 1508 servus

254 1564 359 1630 pauca
376 1540 554 1605 reformido.
573 1577 614 1585 —
632 1537 805 1602 Davusne?
822 1575 863 1583 —
881 1538 938 1614 ita,
957 1537 1084 1615 Davus,
1103 1537 1238 1601 amicum

256 1634 448 1719 mancipium
466 1633 593 1698 domino
612 1641 644 1696 et
660 1631 745 1717 frugi
763 1631 848 1713 quod
866 1631 907 1694 sit
925 1631 1015 1709 satis,
1034 1632 1094 1696 hoc
1112 1641 1169 1708 est,

255 1740 294 1794 ut
310 1728 404 1792 vitale
422 1737 524 1813 putes.
543 1765 585 1773 -
603 1747 663 1811 age
680 1724 822 1789 libertate
840 1723 1021 1802 Decembri,

257 1824 385 1908 quando
402 1823 447 1886 ita
462 1821 597 1885 maiores
614 1818 795 1895 voluerunt,
815 1829 900 1882 utere
906 1843 915 1896 ;
934 1843 1033 1883 narra.
1053 1858 1095 1867 —-
1306 1842 1321 1886 5

255 1940 331 2003 pars
349 1916 511 1980 hominum
528 1914 612 1978 vitiis
629 1912 747 1999 gaudet
764 1921 955 1988 constanter,
974 1922 1005 1976 et
1022 1923 1113 1997 urget

256 2011 468 2097 propositum3
486 2032 559 2094 pars
578 2008 677 2072 multa
692 2016 793 2083 natat,
813 2006 907 2070 modo
925 2016 1010 2071 recta
1027 2029 1205 2093 capessens,

256 2106 414 2170 interdum
431 2104 536 2190 pravis
555 2101 699 2167 obnoxia.
723 2123 817 2186 saepe
835 2110 960 2165 notatus

258 2223 332 2263 cum
350 2198 449 2264 trihus
468 2198 612 2274 anncllis‚
631 2197 725 2260 modo
742 2195 833 2259 laeva
849 2194 978 2259 Priscus
996 2194 1091 2271 inani,

257 2293 338 2357 vixit
354 2292 541 2376 inaequalis,
560 2291 683 2355 clavum
700 2299 735 2353 ut
752 2298 887 2354 mutaret
904 2289 936 2352 in
953 2290 1061 2366 horas3

258 2386 390 2452 aedibus
409 2408 448 2449 ex
466 2384 589 2470 magnis
609 2383 712 2448 subito
731 2404 765 2448 se
783 2383 944 2461 conderet,
963 2384 1046 2447 unde

257 2480 405 2545 mundior
422 2478 521 2542 exiret
538 2478 591 2541 vix
608 2474 770 2540 libertinus
788 2475 934 2555 honeste3

258 2575 322 2638 iam
340 2572 490 2637 moechus
508 2571 642 2648 Rornae,
660 2571 724 2635 iam
741 2570 849 2635 mallet
867 2571 976 2635 doctus
994 2570 1130 2635 Athenis

258 2668 379 2744 vivere,
398 2664 595 2742 Vertumnis,
614 2673 766 2748 quotquot
784 2674 871 2741 sunt,
891 2674 982 2729 natus
1000 2665 1125 2748 iniquis.
1219 2744 1221 2749 Ι

260 2783 368 2826 scurra
385 2759 586 2837 Volanerius,
605 2768 772 2844 postquam
789 2759 834 2822 illi
852 2760 935 2825 iusta
952 2760 1102 2846 cheragra
1311 2778 1341 2824 15

259 2854 401 2919 contudit
417 2852 579 2930 articulos,
598 2853 652 2936 qui
669 2875 726 2938 pro
745 2875 779 2917 se
796 2853 918 2917 tolleret
935 2864 1029 2937 atque

259 2949 395 3012 mitteret
412 2948 445 3011 in
461 2947 605 3032 phimum
622 2946 717 3024 talos,
735 2947 879 3011 mercede
898 2947 1009 3011 diurna

259 3042 448 3106 conductum
465 3041 567 3128 pavit:
585 3051 703 3125 quanto
722 3041 912 3105 constantior
928 3041 1029 3105 isdem

258 3136 293 3199 in
310 3136 408 3213 vitiis,
426 3145 512 3201 tanto
529 3136 631 3200 levius
649 3135 744 3199 miser
761 3157 798 3199 ac
815 3136 900 3221 prior
917 3135 979 3212 ille,

259 3229 315 3312 qui
331 3229 394 3293 iam
413 3239 558 3295 contento
576 3230 639 3293 iarn
656 3229 728 3292 laxo
746 3229 822 3292 fune
841 3227 969 3293 laborat.
989 3267 1030 3275 —-
1310 3245 1343 3291 ‘20

259 3346 324 3387 non
343 3323 428 3388 dices
446 3324 539 3388 hodie
557 3346 708 3407 quorsum
726 3321 805 3386 haec
823 3333 886 3385 tam
904 3322 1013 3407 putida
1031 3320 1169 3397 tendant,

259 3416 408 3480 furcifer?
421 3455 461 3464 —-
472 3418 513 3481 ad
522 3426 562 3493 te,
576 3418 714 3500 inquam
725 3455 766 3462 —
776 3437 839 3498 quo
848 3428 950 3499 pacto,
963 3415 1170 3501 0000111101-
1180 3412 1290 3477 laudas

259 3500 419 3574 fortunam
437 3525 468 3575 et
485 3534 587 3575 mores
606 3511 752 3593 antiquae
769 3508 885 3594 plebis,
905 3520 936 3575 et
953 3510 1046 3586 idem,

262 3604 289 3668 si
307 3605 377 3688 quis
396 3606 437 3669 ad
453 3606 507 3670 illa
524 3606 602 3670 deus
622 3604 726 3670 subito
744 3615 774 3668 te
793 3614 880 3690 agat,
901 3627 1000 3689 usque
1018 3625 1154 3679 recuses,

262 3708 316 3762 aut
334 3699 487 3781 quianon
506 3700 602 3764 sentis
620 3700 705 3783 quod
724 3698 841 3763 clamas
858 3700 974 3764 rectius
993 3720 1072 3775 esse,
1173 3715 1176 3721 ·
1310 3715 1343 3761 25

261 3802 316 3857 aut
333 3794 407 3875 quia
424 3816 488 3858 non
504 3794 613 3858 firmus
631 3802 751 3857 rectum
768 3794 926 3870 defen'dis,
946 3804 977 3858 et
993 3794 1103 3857 haeres

261 3888 471 3971 nequicquam
489 3910 587 3953 coeno
606 3887 734 3973 cupiens
752 3886 885 3950 evellere
904 3887 1051 3971 plantam.

261 3980 383 4047 Romae
400 4006 454 4048 rus
474 3992 581 4069 optas3
599 3982 762 4048 absentem
779 3981 915 4045 rusticus
933 3979 1044 4044 urbem

262 4075 345 4139 tollis
363 4078 402 4140 ad
421 4087 506 4143 astra
522 4077 611 4141 levis.
635 4077 662 4141 si
679 4098 835 4159 nusquam
853 4097 887 4139 es
905 4074 985 4137 forte
1003 4080 1133 4136 vocatus

262 4169 304 4233 ad
322 4191 466 4247 coenam,
485 4170 596 4236 laudas
614 4192 760 4235 securum
777 4168 860 4245 olus,
880 4189 930 4243 ac,
949 4166 1035 4230 velut
1052 4184 1185 4247 usquam
1311 4177 1344 4226 30

262 4262 386 4327 vinctus
405 4287 473 4342 eas,
493 4265 537 4330 ita
554 4276 585 4330 te
603 4265 727 4329 felicem
745 4263 823 4327 dicis
841 4283 1000 4345 amasque,

262 4358 348 4440 quod
365 4382 522 4443 nusquam
541 4358 597 4424 tibi
615 4360 656 4424 sit
672 4358 854 4445 potandum.
877 4355 1003 4422 iusserit
1021 4353 1062 4418 ad
1080 4374 1114 4417 se

262 4449 435 4519 Maecenas
454 4477 560 4521 serum
579 4453 638 4519 sub
655 4454 775 4519 lumina
791 4453 892 4539 prima
909 4450 1015 4516 venire
