3225 5442
336 706 415 750 XXX
711 707 750 745 DE
771 706 837 745 VITA
856 705 893 745 ΕΤ
912 704 1034 745 SCRIPTIS

287 867 290 875 .
337 818 503 872 deferuntur
512 818 548 871 ab
554 815 696 870 hilaritate
704 823 732 869 et
742 814 821 868 suavi
830 832 874 867 ur·
893 814 981 880 bitur,
996 814 1044 867 ubi
1061 830 1116 885 quo
1128 812 1247 868 artificio
1258 819 1348 883 poeta
1361 815 1391 867 in
1404 832 1436 869 ea

335 886 461 940 banitate
471 886 569 956 utique
579 884 707 938 alienius.
724 884 874 937 Enimvero
892 881 1067 952 perficienda
1075 899 1144 935 usus
1155 882 1192 935 sit
1201 883 1435 962 diligentiusper-

334 953 552 1023 prudentissime
565 952 702 1006 Horatius
722 952 788 1005 dum
806 955 874 1004 tem·
893 950 1081 1018 penderimus.
1108 951 1204 1004 Finxit
1217 950 1333 1004 enimin
1346 951 1434 1004 satiris

334 1022 451 1101 poribus
477 1021 617 1087 inserviit,
651 1037 724 1090 quae
751 1019 873 1088 priscam
894 1018 951 1075 sitis
962 1034 1119 1072 sermonem
1129 1036 1200 1085 eum,
1217 1019 1266 1089 qui
1280 1018 1359 1072 vitae
1370 1036 1433 1098 quo-

334 1091 411 1144 illam
430 1089 486 1143 oris
504 1089 678 1156 libertatem,
701 1104 758 1159 qua
780 1087 874 1141 adhuc
892 1083 1016 1139 tidianae
1037 1087 1157 1139 sermoni
1171 1087 1317 1140 videretur
1333 1087 1434 1140 similli-

334 1176 401 1211 usus
411 1164 472 1212 erat
481 1157 618 1225 Lucilius,
627 1174 685 1210 non
700 1156 820 1225 amplius
834 1154 873 1209 fe·
892 1170 963 1234 inus,
973 1155 1049 1207 itaut
1058 1154 1119 1223 ipse
1127 1172 1189 1208 eum
1200 1154 1314 1208 dictitet
1323 1172 1342 1209 a
1352 1172 1434 1223 prosa

332 1228 442 1294 rebant,
454 1226 493 1279 ita
504 1224 732 1279 sibiversandum
743 1240 806 1277 esse
818 1229 873 1276 sta-
893 1228 1020 1277 oratione
1037 1223 1160 1276 numeris
1182 1228 1292 1276 tantum
1314 1223 1432 1289 differre,

333 1294 395 1358 tuit,
409 1292 722 1346 utvitiatantummodo
738 1291 875 1360 depinge·
891 1289 935 1343 bis
943 1290 1306 1359 autemsublatisprotenus
1314 1292 1433 1345 evadere

332 1360 592 1431 ret,perversitates
603 1359 787 1426 describeret,
798 1374 873 1412 erro-
891 1359 1060 1477 pedestrem.
1097 1359 1289 1422 Quamobrem
1309 1376 1375 1414 sese
1392 1376 1433 1413 ur·

331 1435 379 1482 res
397 1433 509 1481 notaret
527 1433 557 1481 et
578 1427 700 1496 imagine
723 1426 873 1495 proposita
912 1443 965 1481 ane
978 1432 1176 1496 negatpoetae
1191 1427 1307 1480 laudem
1320 1444 1432 1481 nonien-

332 1496 419 1549 veluti
437 1501 677 1563 repraesentaret,
696 1510 753 1547 non
772 1495 872 1548 eadem
892 1511 946 1562 que
965 1493 1113 1562 affectare,
1133 1495 1237 1574 quippe
1258 1512 1347 1564 quum
1365 1496 1432 1549 nihil

332 1564 417 1618 etiam
431 1562 560 1617 acerbius
571 1563 727 1632 exagitaret
741 1566 771 1616 et
779 1562 872 1616 acrius
892 1562 994 1615 celsius
1030 1579 1064 1616 ac
1099 1563 1246 1616 sublimius
1279 1564 1431 1631 scripserit

331 1631 525 1685 insectaretur.
553 1630 617 1695 Qua
629 1630 741 1684 ratione
754 1647 812 1683 una
827 1647 871 1684 ea·
891 1630 1030 1693 Quorsum
1048 1630 1171 1699 pertinet
1183 1630 1311 1699 inprimis
1328 1630 1431 1686 sain.

332 1701 451 1769 denique
476 1715 563 1767 opera
591 1703 620 1752 et
636 1698 706 1752 vitia
727 1698 872 1752 hominum
889 1697 914 1765 4,
925 1698 958 1751 39
970 1716 1001 1768 sq
1025 1739 1040 1766 .,
1059 1698 1108 1768 qui
1121 1699 1201 1751 loeus
1217 1716 1375 1769 sanequam
1392 1705 1434 1754 est

330 1776 448 1836 propter
461 1766 552 1835 ipsam
561 1782 657 1820 corum
666 1772 795 1820 naturam
805 1766 872 1819 ridi·
890 1782 1013 1819 memora
1035 1766 1089 1834 ilis,
1104 1773 1136 1819 ut
1150 1784 1183 1820 ex
1198 1784 1254 1837 quo
1269 1767 1431 1821 luculentis-

332 1836 397 1888 cula
412 1852 474 1888 essc
485 1834 609 1888 ostendit
623 1840 652 1889 et
660 1835 735 1888 vitae
750 1851 871 1888 commu·
891 1834 958 1888 sime
968 1834 1153 1903 intelligatur,
1167 1840 1283 1913 poetam
1294 1852 1353 1914 quo
1368 1842 1431 1890 tem-

330 1903 374 1956 nis
385 1902 465 1972 quasi
475 1902 681 1969 descriptiones
696 1903 833 1972 quasdam
844 1909 873 1956 et
890 1918 957 1970 pore
971 1903 1027 1955 ista
1043 1902 1196 1971 scripserit,
1213 1902 1268 1956 seri
1291 1908 1329 1955 sit
1339 1910 1430 1957 autem

330 1971 468 2040 imagines
482 1970 618 2038 exhibuit,
632 1971 708 2025 unde
724 1988 780 2041 qua
790 1970 871 2023 vitio·
891 1970 951 2023 sine
970 1971 1056 2023 dubio
1080 1971 1154 2024 intra
1173 1988 1218 2023 an.
1236 1921 1296 2024 718.
1317 1976 1349 2026 et
1366 1973 1430 2038 720,

330 2057 391 2092 rum
401 2039 465 2093 labe
476 2045 556 2092 aetas
565 2039 673 2093 infecta
682 2046 759 2093 esset
768 2044 796 2092 et
806 2055 870 2092 con·
889 2039 1015 2091 nondum
1033 2037 1088 2092 alio
1106 2039 1203 2118 poesis
1221 2056 1329 2109 genere
1348 2041 1429 2094 incla·

329 2107 475 2176 taminata,
490 2114 592 2177 sponte
606 2108 643 2161 ab
657 2107 820 2177 legentibus
831 2106 870 2159 in·
890 2106 989 2174 ruisse,
1009 2107 1059 2160 sed
1073 2124 1137 2159 unis
1151 2107 1270 2161 maxime
1290 2108 1387 2162 satiris
1405 2114 1429 2161 et

329 2176 514 2246 telligeretur.
542 2175 634 2240 Quum
649 2193 715 2230 vero
726 2194 759 2229 cx
773 2174 817 2227 his
829 2192 870 2227 sa·
891 2174 990 2242 epodis
1014 2174 1171 2229 scribendis
1191 2191 1307 2243 operam
1327 2175 1429 2246 impen-

329 2243 366 2297 tis
380 2249 526 2314 appareat,
541 2244 610 2313 quid
622 2244 759 2297 Horatius
774 2242 871 2295 bacin
890 2242 975 2296 disse.
1001 2242 1107 2296 Verum
1122 2243 1275 2297 enimvero
1296 2244 1366 2297 licet
1379 2244 1430 2297 boc

330 2328 361 2365 re
377 2311 556 2381 spectaverit,
571 2328 711 2381 quamque
727 2311 871 2379 sapienter
889 2310 929 2363 ita
946 2310 1113 2378 instituerit,
1141 2317 1235 2365 tamen
1256 2328 1430 2382 magnopere

329 2379 359 2432 in
369 2379 553 2448 temperando
563 2378 870 2432 universodicendido-
890 2379 1046 2432 cavendum
1082 2384 1137 2446 est,
1173 2395 1209 2432 ne
1242 2395 1306 2433 eum
1333 2396 1430 2434 revera

331 2447 470 2516 cendique
485 2462 588 2515 genere
603 2452 731 2500 versatus
747 2446 792 2513 sit,
811 2451 870 2498 tum
889 2445 1014 2514 pedestri
1041 2463 1168 2501 sermone
1194 2448 1318 2500 numeris
1342 2448 1430 2519 ligato

329 2513 870 2583 iuvabitetiampaueisconsideravisse,
889 2532 970 2567 usum
989 2532 1051 2569 esse
1075 2514 1272 2570 existimemus.
1305 2515 1429 2570 Tantum

331 2582 473 2652 quomodo
485 2598 595 2635 omnem
609 2582 755 2635 satirarum
766 2598 868 2636 sermo-
889 2583 971 2636 abest
997 2583 1079 2651 enim,
1103 2589 1135 2636 ut
1162 2584 1311 2640 satirarum
1340 2602 1429 2639 serino

329 2667 394 2704 nem
419 2649 573 2703 instituerit
594 2654 624 2703 et
640 2651 802 2703 moderatus
826 2650 869 2703 sit.
888 2650 1164 2718 poeticisvirtutibus
1176 2656 1279 2719 careat,
1289 2657 1322 2704 ut
1331 2652 1429 2707 iisdem

330 2718 392 2783 Quo
411 2717 525 2787 quidem
542 2717 572 2770 in
585 2734 689 2787 genere
703 2718 770 2770 item
783 2718 869 2788 plane
890 2720 934 2771 vel
948 2718 1065 2772 maxime
1081 2719 1242 2787 splendeat,
1262 2719 1373 2789 quippe
1385 2720 1430 2790 qui

328 2785 503 2840 admirabilis
512 2785 601 2853 ipsius
610 2786 761 2855 prudentia
770 2804 804 2840 ae
815 2786 869 2839 sol·
889 2786 1046 2840 didactieae
1057 2788 1152 2856 poesis
1162 2786 1320 2841 rationibus
1332 2790 1429 2843 soller-

310 2860 312 2866 '
331 2854 413 2908 lertia
422 2853 576 2922 conspicua
592 2860 643 2908 est
670 2853 783 2907 Etenim
791 2862 869 2908 vetu—
887 2854 994 2908 tissime
1010 2855 1046 2907 sit
1056 2861 1258 2924 attemperatus
1275 2860 1365 2925 atque
1375 2874 1429 2911 me·

330 2929 374 2977 sta
384 2924 470 2976 satira
485 2938 571 2991 quum
584 2939 638 2975 usa
647 2927 724 2977 esset
738 2922 869 2976 sermoci—
889 2923 965 2976 dium
979 2922 1060 2991 quasi
1074 2929 1171 2976 teneat
1183 2924 1257 2977 inter
1272 2924 1429 2979 orationem

327 2990 868 3060 nationeetmagnampartemdiverbiis
887 2990 1067 3059 pedestribus
1088 2992 1262 3045 sermonibus
1285 2994 1429 3061 propriam

329 3060 509 3127 constitisset,
528 3075 669 3128 quumque
687 3058 771 3113 etiam
785 3059 868 3112 Luci·
888 3064 916 3112 et
934 3075 1025 3128 genus
1049 3059 1161 3113 dicendi
1180 3059 1316 3127 sublime,
1345 3062 1428 3141 quale

328 3128 396 3194 lius,
416 3127 494 3181 euius
512 3126 634 3196 vestigia
650 3128 734 3198 legit,
756 3127 868 3196 priscae
887 3126 950 3180 aliis
981 3126 1055 3180 cesis
1066 3127 1207 3181 convenit.
1230 3127 1333 3197 Itaque
1345 3146 1427 3182 simu·

329 3197 492 3251 comoediae
517 3202 648 3250 auctores
669 3198 784 3250 mutatis
809 3202 868 3250 tan-
887 3195 929 3248 lat
945 3144 993 3248 ille
1013 3195 1126 3263 quidem
1144 3196 1269 3265 vulgaris
1290 3197 1427 3254 orationis

327 3270 386 3317 tum
399 3264 519 3333 pedibus
537 3264 716 3334 numerisque
732 3270 867 3334 sequutus
886 3263 1051 3317 tenuitatem
1071 3271 1100 3317 et
1117 3280 1184 3318 vero
1205 3264 1289 3317 etiam
1305 3265 1427 3318 callidis-

328 3337 435 3398 esset31
445 3332 506 3399 ipse
517 3348 630 3401 quoque
641 3333 741 3385 satiras
752 3350 818 3386 suas
828 3332 868 3385 ita
888 3331 957 3384 simo
972 3331 1091 3385 artifieio
1111 3331 1248 3401 exprimit,
1268 3333 1321 3386 sed
1334 3338 1427 3387 tamen

328 3399 500 3476 composuit,
527 3405 559 3450 ut
584 3401 744 3451 sermonibus
772 3406 869 3454 essent
886 3398 1015 3468 exprimit
1029 3400 1077 3467 sic,
1092 3405 1124 3452 ut
1137 3417 1172 3454 ea
1185 3399 1253 3453 inre
1268 3398 1354 3453 ctiam
1368 3418 1427 3471 per·

268 3499 274 3508 ·
299 3500 303 3508 ·
328 3483 413 3536 quam
440 3465 618 3517 simillimam
648 3466 784 3520 Nimirum
810 3467 866 3520 isto
886 3467 954 3520 fecti
987 3467 1103 3521 artificis
1134 3468 1278 3537 ingenium
1307 3469 1426 3531 eluceat,

326 3533 411 3587 modo
421 3532 639 3601 prudentissime
651 3538 679 3586 et
689 3534 866 3601 speciemali·
886 3535 935 3603 qui
953 3534 1104 3590 dictionem
1118 3537 1202 3604 plane
1218 3552 1269 3589 suo
1285 3536 1426 3591 scribendi

347 3599 867 3668 uamvetcrissatiraeservavit,eteam
887 3603 1005 3657 consilio
1030 3603 1297 3661 accommodaverit.
1333 3603 1426 3675 Atque

328 3618 441 3721 dicendi
458 3667 577 3720 formam
593 3668 706 3736 delegit,
727 3685 800 3738 quae
816 3687 866 3723 suo
885 3671 939 3723 hoe
949 3671 1040 3740 ipsum
1048 3672 1130 3726 etiam
1141 3672 1180 3725 ita
1190 3671 1309 3725 iudicari
1316 3679 1427 3742 oportet

325 3736 416 3806 ipsius
432 3735 550 3803 consilio
566 3744 643 3789 esset
661 3737 866 3790 convenientis·
886 3744 943 3791 tam
950 3740 985 3793 de
992 3739 1167 3808 singulorum
1174 3740 1324 3793 verborum
1334 3740 1426 3794 elocu-

327 3806 405 3872 sima,
421 3810 451 3858 et
464 3820 531 3857 vero
547 3803 629 3857 etiam
648 3804 733 3858 talem
757 3805 867 3860 effinxit
884 3806 970 3875 tione,
986 3825 1070 3877 quam
1085 3808 1118 3861 de
1132 3824 1311 3860 numerorum
1327 3815 1356 3862 et
1368 3825 1426 3862 ver-

327 3872 866 3942 orationem,quaecumpoesisdidacti-
885 3875 1136 3929 suumrationibus.
1155 3875 1426 3930 Namclocutionus-

327 3958 378 3995 cae
396 3940 491 3994 indole
506 3956 541 3993 ac
553 3945 655 3994 natura
669 3941 784 4011 egregie
799 3959 865 3995 eon·
885 3960 968 4013 quain
980 3943 1210 4012 esthumilis,nus
1233 3944 1424 4009 uamabieeta,

327 4010 465 4064 eordaret.
510 4008 593 4071 Quod
621 4026 706 4078 quam
732 4027 864 4089 magnum
885 4028 1022 4081 nusquam
1041 4011 1114 4064 vitae
1134 4011 1213 4080 quoti
1237 4013 1318 4065 'anae
1339 4012 1426 4065 sordi·

327 4093 466 4148 quamque
490 4074 697 4147 difficile.opus
715 4078 814 4147 fuerit,
838 4085 866 4133 et
884 4080 937 4132 bus
952 4078 1113 4148 inquinata,
1132 4079 1187 4131 imo
1202 4080 1247 4133 vel
1258 4085 1317 4132 tum
1329 4085 1425 4133 estca·

326 4151 433 4215 quanta
442 4146 526 4199 laude
538 4144 662 4214 dignum,
677 4146 724 4199 vix
734 4152 778 4200 est
788 4148 865 4218 quod
885 4152 937 4212 sta,
948 4151 1032 4213 tersa,
1040 4147 1164 4225 elegans,
1172 4164 1257 4216 quum
1266 4164 1312 4200 res
1323 4148 1425 4201 foedae

326 4214 492 4281 explicatius
523 4213 754 4268 demonstremus.
808 4214 865 4269 Sed
884 4221 913 4269 et
925 4220 1023 4282 turpes
1039 4215 1239 4293 designantur,
1259 4214 1425 4285 quinetiam

325 4282 414 4334 maior
423 4282 545 4335 etiamac
555 4281 726 4335 laudabilior
734 4300 779 4337 res
788 4282 864 4337 ride·
884 4301 946 4336 eum
955 4282 1025 4336 mira
1035 4282 1171 4337 facilitate
1182 4299 1425 4354 nervosamquau·

350 4404 361 4441 1
408 4402 428 4439 Η
471 4402 485 4440 s
525 4402 536 4441 1
553 4401 594 4441 41
884 4352 948 4403 dam
957 4349 1124 4404 brevitatem
1139 4355 1167 4404 et
1177 4350 1346 4419 gravitatem
1361 4368 1425 4405 con-

351 4455 363 4491 2
376 4412 401 4490 ld
415 4411 471 4499 uilo
485 4407 653 4500 pppprzreqrqq,
662 4405 785 4493 {libsiilql
796 4456 820 4502 4,
830 4456 863 4494 42.
882 4419 1006 4499 iunctm
1012 4418 1363 4487 habetatquemfmadeo
1370 4420 1425 4504 ⁰¹¹1]

326 4503 395 4552 spise.
405 4502 433 4541 11.
443 4504 462 4548 1,
473 4504 518 4541 rso.
692 4556 695 4561 ἰ
882 4486 1425 4557 tumquondametornatumexGraeeae
