3225 5442
297 693 362 759 202
632 701 667 767 Q.
680 700 850 756 nomn
862 700 1017 756 FLAccl

297 862 447 936 discolor,
465 859 562 924 infido
579 880 705 923 scurrae
723 857 854 924 distabit
873 858 1016 924 amiens.

265 982 281 1027 s
341 968 389 1024 est
405 956 479 1020 huie
496 954 655 1018 diversum
671 951 880 1017 sitientium
898 975 1005 1037 prope
1024 954 1137 1032 maius,
1221 967 1226 975 “

299 1052 450 1138 asperitas
468 1048 601 1135 agresfis
619 1057 651 1111 et
667 1046 855 1111 inconcinna
871 1047 1055 1132 gravisque

299 1167 380 1230 qnae
398 1166 433 1209 se
450 1140 647 1207 commendat
665 1150 757 1204 tonsa
773 1149 860 1215 cute,
880 1140 1039 1205 dentibus
1058 1141 1144 1218 atris,

300 1240 376 1303 dum
394 1236 461 1301 vult
478 1235 607 1300 libertas
624 1233 686 1298 dici
705 1255 791 1297 mera
809 1255 953 1315 veraque
972 1234 1089 1298 virtus.

300 1334 398 1396 virtus
416 1340 465 1395 est
482 1329 620 1395 medinm
637 1328 782 1392 vitiorum
799 1335 833 1390 et
849 1327 1003 1410 utrinque
1021 1328 1193 1392 reductum.

253 1450 283 1496 ro
301 1428 379 1491 alter
395 1426 429 1489 in
446 1423 632 1507 obsequium
649 1421 720 1506 plus
738 1442 840 1503 aequo
857 1443 981 1505 pronus
1001 1432 1035 1486 et
1054 1422 1111 1486 imi

301 1520 421 1585 derisor
437 1517 524 1593 lecti,
543 1517 589 1581 sio
606 1526 718 1579 nutum
734 1514 840 1578 divitis
857 1515 977 1592 horret,

302 1614 348 1677 sie
365 1613 455 1677 iterat
473 1632 567 1676 voces
585 1620 616 1674 et
634 1608 730 1673 rerba
746 1608 890 1672 cadentia
908 1609 1003 1686 tollit,

301 1717 336 1770 ut
353 1728 485 1791 puerum
504 1726 599 1769 saevo
616 1702 725 1767 eredas
742 1701 859 1765 dictata
876 1702 1037 1788 magistro

301 1799 432 1864 reddere
449 1797 499 1862 rel
516 1807 621 1883 partes
639 1796 770 1859 mimum
786 1805 920 1859 tractare
940 1798 1115 1861 secundas.

254 1918 285 1964 15
345 1894 423 1958 alter
440 1893 559 1957 rixatur
576 1891 615 1956 de
632 1891 704 1955 lana
721 1912 816 1975 saepe
832 1890 973 1975 caprina,

302 1997 480 2074 propugnat
496 1986 590 2071 nugis
608 1994 761 2049 armatust
780 1984 898 2049 seilicet
915 1995 954 2048 ut
973 2008 1040 2049 non

304 2082 345 2146 sit
362 2081 437 2144 mihi
454 2080 556 2166 prima
572 2079 651 2144 fides
669 2089 700 2143 et
717 2100 789 2143 rere
806 2078 891 2161 quod
907 2078 1016 2163 placet
1035 2089 1074 2143 ut
1091 2103 1156 2145 non

304 2175 416 2240 acriter
433 2173 581 2237 elatrem?
597 2173 731 2257 pretium
750 2182 836 2237 aetas
853 2172 953 2237 altera
971 2174 1094 2238 sordet.

304 2269 474 2355 ambigitur
490 2268 566 2351 quid
584 2267 686 2332 enim?
703 2266 818 2332 Castor
834 2267 912 2332 seiat
929 2290 973 2331 an
992 2267 1153 2335 Dolichos
1170 2269 1251 2355 plns3

253 2383 287 2430 20
304 2362 508 2426 Brundisium
526 2361 643 2425 Minuti
661 2361 771 2425 melius
789 2361 841 2425 iia
857 2361 953 2425 ducat
971 2385 1013 2426 an
1031 2361 1137 2449 Appi.

347 2479 441 2539 quem
459 2456 611 2520 damnosa
628 2454 753 2532 Venus,
772 2477 864 2539 quem
883 2478 1037 2542 praeceps
1058 2457 1133 2522 alea
1150 2458 1251 2533 nudat,

305 2550 404 2635 gloria
422 2571 515 2632 quem
534 2572 628 2635 supra
646 2550 727 2613 vires
745 2558 777 2613 et
793 2549 887 2613 vestit
904 2559 936 2613 et
953 2550 1059 2636 ungit,

170 2716 175 2726 ,
264 2721 267 2725 ’
306 2665 400 2726 quem
418 2653 503 2707 tenet
519 2643 641 2729 argenti
658 2643 726 2707 sitis
743 2642 922 2727 importuna
938 2641 1123 2727 famesque,

305 2758 399 2819 quem
416 2737 607 2822 paupertatis
625 2737 726 2823 pudor
743 2746 774 2801 et
790 2736 882 2823 hrga3
901 2736 994 2827 dives
1010 2739 1137 2803 amicus

255 2850 287 2898 25
306 2853 400 2915 saepe
419 2831 526 2895 decem
545 2831 628 2896 vitiis
645 2831 824 2896 instructior
840 2830 905 2895 odit
922 2840 954 2895 et
970 2829 1090 2910 horret,

306 2935 373 3003 aut,
393 2925 420 2990 si
437 2948 501 2989 uon
519 2925 597 3002 odit,
616 2925 697 3012 regit
714 2946 751 2990 ae
769 2926 865 2990 veluti
881 2925 935 3010 pia
950 2942 1054 2991 mater

306 3019 377 3104 plus
395 3041 490 3102 quam
509 3041 543 3083 se
561 3041 670 3104 sapere
688 3029 719 3083 et
736 3019 902 3084 virtutibus
920 3041 990 3084 esse
1009 3020 1152 3105 priorem

306 3113 373 3176 vult
390 3123 421 3176 et
439 3113 482 3176 ait
499 3135 596 3197 prope
614 3135 701 3176 vera:
719 3112 814 3176 Meae
831 3151 874 3159 —
891 3114 1079 3178 contendere
1099 3115 1167 3179 noli
1187 3154 1226 3161 —

306 3207 467 3270 stultitiam
485 3207 646 3291 patiuntur
662 3229 752 3291 opes,
772 3208 829 3271 tibi
845 3207 976 3293 parvula
992 3230 1045 3272 res
1064 3219 1130 3273 est:

255 3320 287 3368 30
306 3310 372 3365 arta
390 3302 479 3364 decet
498 3324 609 3365 sanum
627 3301 772 3364 comitem
790 3311 878 3387 toga3
897 3301 1003 3366 desine
1022 3324 1153 3366 mecum

306 3405 432 3458 certare.
454 3394 645 3478 Eutrapelus
664 3396 848 3477 cuicumque
866 3417 978 3460 nocere
995 3394 1126 3460 volebat

263 3516 266 3521 ’
305 3488 491 3552 vestimenta
509 3487 604 3552 dabat
621 3489 771 3573 pretiosa:
789 3489 900 3553 beatus
919 3488 1002 3553 enim
1020 3488 1085 3553 iam

306 3601 377 3642 eum
395 3580 532 3665 pulchris
551 3581 664 3645 tunicis
684 3592 786 3646 sumet
803 3605 885 3647 nova
902 3581 1032 3646 consilia
1051 3591 1084 3646 et
1102 3604 1190 3667 spes,

306 3672 438 3738 dormiet
455 3675 487 3738 in
504 3676 621 3752 lucem,
641 3686 743 3741 scorto
760 3685 928 3761 postponet
944 3676 1114 3740 honestum

256 3785 287 3832 35
306 3767 458 3844 officium,
477 3791 589 3833 numos
608 3769 726 3835 alienos
743 3780 867 3855 pascet,
886 3771 927 3834 ad
944 3769 1042 3834 imum

307 3860 414 3924 Threx
431 3862 488 3925 erit
506 3872 560 3925 aut
578 3862 695 3928 olitoris
714 3874 787 3950 aget
804 3864 947 3928 mercede
966 3862 1133 3927 caballum.

348 3977 495 4018 arcanum
512 3977 613 4038 neque
633 3966 666 4019 tu
684 3957 872 4022 scrutaberis
889 3957 972 4021 illius
990 3977 1142 4038 unquam,

307 4049 570 4131 commissumque
588 4060 676 4136 teges
695 4060 726 4115 et
742 4052 816 4115 vino
835 4060 933 4116 tortus
952 4059 983 4115 et
999 4050 1055 4113 ira.

348 4164 406 4205 nee
424 4151 478 4205 tua
494 4142 636 4207 laudabis
655 4145 758 4208 studia
776 4154 831 4208 aut
848 4145 949 4209 aliena
966 4143 1150 4228 reprendes3

256 4254 288 4300 40
306 4258 377 4312 nee,
397 4258 493 4318 quum
511 4238 618 4301 venari
638 4239 718 4302 volet
736 4238 801 4316 ille,
821 4248 967 4324 poemata
983 4260 1115 4323 panges.

305 4329 406 4411 gratia
424 4329 469 4392 sie
487 4329 616 4393 fratrum
635 4332 845 4416 geminorum,
866 4331 1054 4417 Amphionis
1073 4342 1168 4416 atque

307 4419 412 4497 Zethi,
431 4421 579 4498 dissiluit,
598 4423 698 4489 donee
716 4435 863 4511 suspecta
881 4449 990 4491 severo
