3225 5442
168 357 188 394 ν.

167 393 177 440 l

166 455 170 476 r

165 499 173 530 l

160 703 189 806 ᾗ·
214 812 217 817 .
537 733 761 793 almannum
778 737 853 791 um.
867 738 890 793 1
1165 728 1227 793 149

157 917 169 1014 5
195 892 378 959 ambustum
395 891 538 977 propriis.
557 891 652 956 fuerit
669 892 856 972 Lucilius,
847 917 984 979 mquam,

157 1027 176 1050 ·.
157 988 296 1053 comis
314 996 346 1051 et
364 985 517 1063 urbanus3
534 985 630 1050 fuerit
646 986 782 1051 limatior
799 988 884 1053 idem

195 1104 293 1167 quam
309 1080 397 1144 rudis
415 1088 447 1143 et
465 1076 623 1144 Graecis
614 1080 722 1145 mtacti
740 1082 886 1147 carminis
905 1094 1013 1149 auctor

193 1197 353 1260 quamque
371 1183 534 1260 poetarum
553 1175 711 1239 seniorum
729 1175 834 1241 turba:
854 1178 911 1242 sed
927 1178 989 1256 ille,

195 1272 226 1338 si
243 1271 323 1335 foret
338 1269 400 1333 hoc
416 1278 558 1334 nostrum
576 1268 642 1334 fato
659 1269 781 1335 delatus
799 1271 832 1334 in
850 1294 973 1349 aevum,

161 1419 166 1426 .
194 1366 349 1431 detereret
366 1363 427 1428 sibi
444 1363 556 1440 multa;
574 1363 726 1428 recideret
744 1387 851 1442 omne,
870 1367 955 1449 quod
975 1367 1055 1433 ultra

160 1447 164 1456 ¹
193 1458 370 1546 perfectum
388 1458 575 1535 traheretur,
595 1458 676 1522 etin
695 1480 788 1523 versu
806 1458 951 1525 faciendo

195 1574 292 1637 saepe
309 1562 404 1637 caput
421 1550 577 1628 scaberet,
596 1551 686 1617 vivos
705 1562 736 1616 et
753 1553 877 1617 roderet
894 1576 1027 1640 ungues.

155 1661 159 1670 ·
196 1668 292 1731 saepe
309 1645 415 1710 stilum
433 1654 551 1723 vertas,
570 1645 683 1710 iterum
700 1667 780 1733 quae
799 1647 896 1733 digna
913 1647 975 1734 legi
994 1648 1056 1713 sint

196 1740 383 1824 scripturus,
401 1760 504 1821 neque
522 1749 553 1803 te
570 1749 606 1802 ut
622 1739 752 1804 miretur
769 1741 861 1806 turba
877 1740 1011 1820 labores,

195 1843 361 1898 contentus
379 1833 488 1917 paucis
506 1832 685 1898 lectoribus.
704 1858 746 1898 an
763 1844 818 1899 tua
835 1835 964 1900 demens
1060 1909 1064 1915 ¹

194 1927 310 1992 vilibus
327 1926 461 1991 inludis
479 1926 588 1991 dictari
607 1927 745 1992 carmina
761 1929 873 1992 malis?
1246 1953 1278 2000 75

195 2044 261 2086 non
278 2043 351 2107 ego:
369 2044 443 2084 nam
466 2020 542 2085 satis
561 2030 609 2085 est
627 2022 764 2104 equitem
782 2022 859 2085 mibi
877 2023 1040 2108 plaudere,
1060 2032 1094 2087 ut
1112 2025 1225 2102 audax,

195 2115 361 2180 contemtis
379 2115 463 2192 aliis,
482 2115 613 2200 explosa
629 2114 812 2181 Arbuscula
829 2117 917 2181 dixit.

195 2208 277 2273 men'
294 2218 419 2273 moveat
436 2210 538 2273 cimex
555 2209 731 2274 Pantilius?
748 2219 802 2274 aut
820 2211 937 2275 cruciet
954 2213 1038 2294 quod

194 2303 320 2367 vellicet
337 2302 499 2367 absentem
517 2304 720 2369 Demetrius?
738 2314 793 2368 aut
810 2306 895 2388 quod
913 2306 1037 2391 ineptus

194 2397 336 2462 Fannius
354 2397 567 2483 Hermogenis
584 2398 690 2463 laedat
707 2400 841 2463 conviva
859 2399 994 2486 Tigelli?

194 2492 318 2556 Plotius
336 2500 368 2555 et
384 2491 514 2570 Varius,
533 2492 703 2558 Maecenas
722 2492 947 2579 Virgiliusque,

196 2584 330 2671 Valgius
348 2595 380 2650 et
395 2585 507 2670 probet
523 2586 602 2651 haec
621 2585 777 2653 Octavius
795 2588 932 2673 optimus
952 2598 1045 2672 atque

196 2678 335 2756 Fuscus,
354 2689 385 2743 et
402 2679 481 2744 haee
497 2680 616 2745 utinam
634 2680 803 2754 Viscorum
821 2683 928 2747 laudet
945 2693 1085 2766 uterque.

196 2771 365 2837 ambitione
382 2773 521 2860 relegata
538 2783 568 2839 te
586 2774 689 2839 dicere
706 2798 847 2861 possum,

194 2864 312 2944 Polli0,
331 2877 376 2945 te,
394 2866 549 2946 Messala,
569 2878 623 2933 tuo
641 2870 840 2949 cumfratre,
860 2871 1014 2954 simulque
1243 2892 1277 2940 85

194 2982 267 3037 vos,
285 2960 400 3025 Bibule
418 2972 449 3026 et
468 2960 574 3041 Servi,
594 2963 687 3028 simul
705 2964 754 3029 his
773 2975 818 3043 te,
837 2966 969 3031 candide
986 2965 1095 3041 Furni,

194 3053 371 3139 complures
389 3056 481 3133 alios,
500 3058 608 3122 doctos
627 3080 687 3144 ego
704 3081 783 3143 quos
801 3069 833 3124 et
850 3059 967 3124 amicos

193 3149 331 3234 prudens
349 3160 510 3235 praetereo
516 3175 526 3228 3
544 3150 659 3234 quibus
677 3153 769 3231 hacc,
789 3154 853 3218 sint
869 3153 1109 3237 qualiacumque

194 3242 330 3306 arridere
348 3242 457 3321 velim,
475 3244 642 3324 doliturus,
661 3248 689 3312 si
705 3248 850 3333 placeant
868 3270 924 3331 spe

194 3337 331 3401 deterius
349 3350 464 3403 nostra
483 3339 640 3420 Demetri,
659 3349 765 3427 teque,
786 3342 910 3428 Tigelli,

194 3430 418 3516 discipularum
435 3432 516 3498 inter
531 3433 626 3499 iubeo
643 3437 765 3521 plorare
783 3437 958 3502 cathedras.

194 3523 205 3586 i
222 3545 302 3609 puer
318 3533 413 3608 atque
430 3548 501 3591 mco
519 3528 600 3593 citus
617 3529 696 3596 haec
714 3530 878 3597 subscribe
894 3529 1011 3596 libello.
