3225 5442
308 699 370 766 174
642 714 677 781 Q.
691 714 858 771 nomn
870 716 1018 774 rnnccl

307 871 471 936 convivam
477 897 486 950 3
507 871 649 952 „nemon'
667 872 772 938 oleum
789 874 851 938 fert
869 874 984 940 ocius?
1002 879 1116 961 ecquis

256 985 290 1033 35
307 965 436 1030 audit?“
456 988 528 1032 eum
546 989 663 1054 magno
680 967 817 1033 blateras
836 970 977 1035 clamore
996 970 1155 1058 furisque.

306 1058 450 1125 Mulvius
469 1072 501 1127 et
518 1084 657 1138 scurrae,
676 1062 733 1127 tibi
750 1086 815 1128 non
831 1065 1002 1131 referenda
1020 1069 1155 1153 precati,

307 1153 481 1219 discedunt.
506 1156 640 1236 „etenim
659 1156 760 1222 fateor
776 1163 862 1234 me,“
881 1160 1000 1226 dixerit
1019 1162 1085 1239 ille,

309 1249 402 1326 ,duci
419 1261 528 1316 ventre
545 1251 649 1317 levem
654 1276 664 1330 ;
681 1275 795 1317 nasum
813 1252 922 1318 nidore
941 1256 1090 1340 supinor,

307 1341 503 1422 imbecillus,
516 1345 615 1423 iners3
634 1345 662 1410 si
679 1345 757 1430 quid
773 1346 836 1422 vis,
855 1347 950 1424 adde,
971 1350 1112 1434 popino:

255 1454 290 1501 40
308 1446 342 1498 tu
359 1458 457 1519 quum
475 1439 519 1505 sis
538 1439 623 1523 quod
640 1461 715 1526 ego,
734 1450 766 1505 et
782 1439 927 1505 fortassis
945 1444 1101 1525 nequior,
1121 1445 1204 1510 ultro

306 1529 460 1597 insectere
477 1533 564 1597 velut
580 1532 704 1608 melior,
723 1532 890 1616 verbisque
909 1535 1038 1600 decoris

307 1626 459 1692 obvolvas
477 1626 630 1691 vitium?“
649 1626 739 1710 quid,
759 1627 787 1691 si
803 1649 854 1691 ma
873 1627 1000 1694 stultior
1017 1629 1093 1715 ipso

307 1722 488 1808 quingentis
507 1731 591 1785 emto
608 1720 765 1785 drachmis
784 1721 1010 1806 deprenderis?
1028 1724 1126 1790 aufer

307 1839 358 1881 me
376 1816 465 1880 vultu
482 1824 612 1892 terrere;
630 1837 758 1878 manum
776 1814 1041 1899 stomachumque
1061 1827 1182 1897 teneto,

255 1937 289 1984 45
308 1915 398 1990 dum,
417 1932 498 1995 quae
517 1908 655 1995 Crispini
673 1909 780 1974 docuit
797 1932 847 1973 me
864 1909 993 1987 ianitor,
1015 1913 1089 1977 edo.

306 2019 338 2073 tc
356 2006 470 2071 coniux
488 2003 590 2069 aliena
607 2003 705 2088 capit,
724 2003 919 2068 meretricula
937 2004 1090 2071 Davum:

305 2109 417 2188 peccat
434 2108 504 2162 nter
520 2107 662 2162 nostrum
680 2118 772 2162 eruce
789 2097 936 2183 dignius?
953 2099 1039 2165 acris
1059 2100 1117 2166 ubi
1136 2126 1191 2168 me

306 2204 418 2260 natura
435 2191 581 2268 intendit,
601 2190 660 2255 sub
679 2190 762 2255 clara
778 2192 864 2255 nuda
880 2190 1011 2256 lucerna

306 2307 523 2372 quaecumque
541 2283 665 2369 excepit
682 2285 836 2370 turgentis
853 2282 985 2349 verbera
1002 2288 1143 2367 caudae,

256 2403 290 2451 50
307 2379 451 2446 clunibus
470 2387 524 2442 aut
541 2377 672 2464 agitavit
689 2399 805 2461 equum
823 2378 941 2442 lasciva
959 2379 1118 2465 supinum
1123 2407 1134 2461 ;

307 2473 434 2539 dimittit
451 2493 553 2554 neque
571 2470 727 2535 famosum
746 2493 848 2555 neque
866 2470 1052 2550 sollicitum,
1073 2497 1116 2539 ne

306 2567 398 2632 ditior
416 2575 470 2629 aut
486 2565 607 2629 formae
624 2564 761 2628 melioris
779 2565 874 2629 meiat
891 2564 1012 2629 eodem.

306 2672 341 2726 tu
359 2683 456 2745 quum
473 2658 619 2745 proiectis
637 2658 830 2744 insignibus,
849 2659 965 2724 annulo
984 2663 1131 2744 equestri

306 2755 514 2838 Romanoque
532 2750 656 2829 habitu,
674 2752 780 2837 prodis
799 2775 839 2817 ex
856 2752 957 2817 iudice
975 2752 1088 2819 Dama

256 2872 288 2917 55
307 2850 420 2934 turpis,
439 2848 604 2912 odoratum
621 2857 715 2931 caput
732 2846 919 2912 obscurante
937 2846 1075 2925 lacerna,

306 2966 370 3007 non
388 2965 421 3006 es
440 2941 526 3025 quod
544 2940 692 3006 simulas?
709 2950 852 3006 metuens
870 2941 1042 3019 induceris,
1062 2953 1162 3027 atque

307 3038 474 3101 altercante
491 3034 673 3099 libidinibus
692 3034 799 3099 tremis
817 3057 890 3099 ossa
906 3057 1033 3120 pavore.

305 3131 383 3214 quid
399 3128 508 3205 refert,
526 3128 576 3191 uri
593 3129 690 3214 virgis
709 3129 854 3211 ferroque
872 3129 977 3193 necari

307 3232 484 3288 auctoratus
503 3244 572 3299 eas,
591 3245 632 3285 an
650 3222 732 3307 turpi
750 3221 877 3287 clausus
895 3222 928 3286 in
945 3244 1028 3301 arce,

255 3340 288 3387 co
306 3340 368 3401 quo
386 3326 417 3381 te
435 3316 560 3381 demisit
577 3316 698 3400 peccati
716 3316 842 3381 conscia
859 3316 976 3394 herilis,
1073 3321 1076 3325 ’

306 3421 499 3476 contractum
517 3410 651 3496 genibus
670 3421 781 3497 tangas
800 3412 913 3496 caput?
931 3421 1017 3475 estne
1036 3413 1154 3478 marito

305 3515 464 3569 matronae
482 3505 640 3589 peccantis
658 3506 692 3569 in
709 3505 802 3569 ambo
820 3506 903 3569 iusta
919 3506 1080 3591 potestas?

305 3600 338 3662 in
356 3609 567 3683 corruptorem
586 3599 635 3663 vel
652 3600 772 3664 iustior.
794 3600 848 3664 illa
866 3610 970 3664 tamen
989 3622 1023 3664 se

305 3716 369 3756 non
386 3693 495 3757 habitu
513 3703 652 3757 mutatve
669 3694 753 3771 loco,
772 3704 922 3780 peccatve
941 3716 1085 3779 superne.

255 3807 288 3854 65
305 3809 403 3869 quum
421 3796 451 3851 te
468 3787 614 3851 formidet
632 3788 744 3852 mulier
760 3810 863 3872 neqne
882 3789 988 3853 credat
1005 3789 1134 3865 amanti,

304 3880 364 3945 ibis
384 3879 442 3945 sub
461 3880 581 3944 furcam
599 3881 752 3965 prudens,
772 3882 962 3965 dominoque
980 3881 1097 3945 furenti

247 4010 258 4031 ι
305 3975 480 4039 committes
497 3998 564 4038 rem
583 3997 707 4039 omnem
725 3986 757 4040 et
774 3976 871 4041 vitam
889 3986 1010 4041 etcum
1028 3998 1160 4061 corpore
1179 3976 1307 4042 samam.

305 4070 419 4146 evasti;
438 4070 544 4147 credo,
563 4078 683 4134 metues
702 4070 877 4154 doctusque
896 4069 1033 4135 cavebis.

304 4186 450 4246 quaeres,
468 4165 593 4247 quando
611 4165 724 4228 iterum
741 4187 858 4250 paveas
876 4166 1052 4248 iterumque
1069 4164 1173 4248 perire

254 4275 286 4321 70
304 4259 420 4341 possis,
440 4282 459 4323 o
477 4259 568 4323 toties
588 4259 711 4325 servus!
730 4283 811 4344 quae
829 4260 933 4325 bellua
950 4260 1049 4346 ruptis

303 4373 400 4433 quum
420 4355 516 4418 semel
534 4356 658 4441 effugit,
677 4357 779 4420 reddit
796 4378 831 4421 se
848 4380 946 4442 prava
964 4355 1101 4421 eatenis?

306 4468 388 4522 „non
402 4471 471 4512 sum
486 4450 666 4528 moechus‚“
686 4451 741 4516 ais.
761 4474 863 4535 neque
877 4474 946 4537 ego,
960 4450 1097 4528 hercule,
1112 4449 1174 4527 fur,
1190 4449 1245 4516 ubi
1258 4470 1333 4514 vasa
