3225 5442
590 790 593 795 ,
612 748 640 798 Q.
660 748 780 790 noasrn
797 748 903 790 rancor
1233 748 1299 793 xxi

204 857 346 925 civilibus,
365 874 437 928 quae
455 856 521 910 inde
538 874 556 910 a
569 857 646 910 bello
662 858 748 911 Peru·
764 858 852 912 toriae
866 865 923 912 tam
939 859 1067 913 delectus
1077 878 1160 931 quam
1172 862 1302 916 mactatio

205 927 268 980 sino
282 942 373 995 usque
391 925 584 979 vehementius
603 925 746 978 desaevie·
765 926 794 978 in
802 927 928 996 utrisque
944 928 1060 980 multum
1071 945 1138 983 sane
1153 930 1303 999 discrepat.

203 996 288 1060 bant,
309 1000 424 1048 cruente
441 992 591 1063 profusus3
618 992 746 1047 homines
765 995 837 1048 Nam
850 995 943 1063 Epodi
962 996 1074 1049 omnino
1093 998 1205 1066 quidem
1223 997 1303 1067 lyrici

202 1079 327 1132 nequam
344 1067 374 1115 et
390 1061 507 1129 abiecti,
525 1067 558 1114 ut
574 1061 746 1115 Menodorus
766 1067 831 1115 sunt
844 1063 956 1132 generis
967 1064 1181 1142 erprirnuntque
1196 1082 1259 1118 cum
1269 1066 1299 1118 ir·

204 1131 264 1185 sive
274 1130 388 1198 Menas,
402 1129 508 1199 passim
517 1130 553 1183 ad
565 1147 687 1182 summos
697 1130 745 1183 ho·
765 1129 868 1183 risione
879 1136 908 1184 et
917 1132 1072 1186 acerbitate
1088 1150 1187 1186 sensus
1202 1139 1304 1201 poetae

202 1215 290 1252 nores
305 1198 409 1266 evecti3
428 1197 512 1251 Italia
530 1198 617 1267 plena
628 1197 745 1266 rapinis,
765 1199 1304 1269 extemporummiseriaetperversitate

204 1266 616 1333 caedibus,latrociniis3nulla
625 1266 745 1334 amplius
765 1272 942 1332 contractos,
979 1284 1148 1338 quamquam
1175 1269 1304 1336 subinde,

202 1335 348 1402 maiestas,
371 1335 451 1388 nulla
468 1333 592 1404 dignitas
607 1340 636 1387 et
649 1339 745 1387 aucto·
765 1335 815 1387 sed
827 1335 917 1387 rarius
932 1341 1038 1403 tamen,
1053 1337 1138 1390 etium
1152 1338 1188 1390 ad
1202 1354 1304 1390 meram

202 1403 274 1457 ritas
292 1401 481 1472 reipublicae3
508 1402 618 1472 patriae
642 1402 745 1455 caritas
765 1402 895 1456 vitiorum
915 1410 944 1457 et
960 1405 1178 1472 perversitatum
1200 1404 1304 1458 irrisio·

203 1488 264 1525 non
273 1471 356 1525 modo
373 1471 426 1525 sed·
438 1471 521 1524 etiam
533 1470 669 1524 sanctitas
681 1470 745 1523 sub·
764 1488 828 1523 nom
850 1472 967 1540 propius
991 1472 1132 1525 accedunt
1158 1473 1218 1525 sine
1242 1490 1304 1543 gra·

203 1541 278 1607 later,
295 1540 380 1608 plena
390 1545 532 1608 postremo
544 1537 637 1592 omnia
646 1538 745 1592 factio·
765 1538 849 1591 vioris
860 1540 979 1592 alicuius
990 1540 1034 1593 vel
1043 1540 1247 1610 indignationis
1259 1541 1304 1595 vel

202 1626 271 1660 num
286 1607 376 1661 turbis
395 1613 424 1661 et
441 1607 563 1678 partium
582 1607 696 1675 studiis,
715 1613 746 1659 ut
765 1606 871 1660 doloris
887 1605 1102 1676 significatione.
1130 1607 1238 1663 Satirac
1257 1626 1304 1664 au·

203 1676 360 1729 communis
380 1675 524 1729 societatis
542 1675 654 1728 vincula
668 1691 745 1744 pror·
764 1682 820 1728 tem
834 1683 963 1729 nontam
978 1693 1078 1729 sensus
1098 1694 1182 1746 quam
1199 1677 1305 1732 iudicia

203 1763 253 1797 sus
265 1744 358 1797 soluta
367 1743 562 1813 violenterque
576 1749 661 1812 rupta
671 1743 744 1795 vide·
765 1749 867 1812 poetae
882 1745 916 1797 de
931 1750 1087 1814 temporum
1102 1745 1177 1797 vitiis
1197 1752 1226 1799 et
1242 1762 1304 1814 per·

202 1817 310 1865 rentur.
329 1811 386 1865 Sed
396 1813 433 1865 ad
442 1811 516 1865 hanc
525 1811 745 1865 rerumcivilium
766 1810 1304 1882 versitatibuspatefaciunt,versantur·

201 1880 447 1949 perturbationem
463 1880 553 1933 maior
566 1879 651 1934 etiam
664 1878 745 1932 mise·
765 1880 858 1949 quein
868 1880 924 1932 illis
935 1880 1304 1960 leniterurbancqueriden-

202 1948 744 2018 riaaccedebat,ingensmorumdepra·
765 1948 1065 2016 disetcavillandis,ut
1094 1949 1157 2002 uasi
1166 1950 1304 2019 imagines

202 2016 292 2083 vatio,
312 2033 368 2086 qua
381 2016 476 2085 prisca
489 2017 678 2070 Romanorum
693 2016 745 2067 vir·
764 2018 901 2087 quasdam
915 2035 1011 2071 eorum
1022 1966 1187 2084 exhiireant,
1203 2018 1305 2086 quibus
1349 2057 1352 2061 .

201 2091 249 2138 tus
259 2083 503 2153 planevidebatur
513 2085 637 2138 extincta
650 2101 685 2138 ac
699 2085 745 2137 de·
764 2085 906 2138 intuendis
921 2091 951 2139 et
969 2084 1194 2163 contemplandis
1209 2102 1306 2138 corum

201 2153 265 2207 leta
275 2168 346 2206 esse.
374 2152 585 2206 Grassabantur
596 2152 669 2205 enim
678 2152 746 2205 vitia
764 2152 909 2223 turpitudo
924 2158 953 2207 et
966 2159 1135 2222 perversitas
1151 2169 1305 2221 cognosca-

201 2221 279 2275 inter
293 2237 323 2274 se
341 2221 459 2275 maxime
478 2220 633 2289 contraria,
656 2221 745 2300 turpis
765 2229 817 2274 tur.
849 2221 882 2274 In
903 2237 958 2291 quo
977 2227 1071 2274 tamen
1086 2221 1134 2273 dili
1158 2228 1238 2274 enter
1256 2221 1305 2274 ob·

202 2288 326 2343 avaritia
340 2294 368 2341 et
385 2288 504 2357 profusa
516 2288 745 2368 intemperantia,
765 2290 871 2343 servari
889 2296 973 2358 atque
997 2289 1087 2342 teneri
1111 2289 1145 2342 de
1168 2295 1217 2357 et„
1241 2306 1306 2341 nus·

202 2356 346 2427 regnabat
371 2356 556 2410 immoderata
588 2357 745 2410 divitiarum
765 2375 849 2429 quam
859 2358 887 2410 in
896 2357 931 2409 iis
941 2357 1042 2436 attingi
1051 2374 1096 2410 res
1107 2356 1204 2410 civiles
1219 2363 1305 2427 atque

204 2424 347 2494 cupiditas
369 2430 399 2478 et
420 2424 610 2479 abiectissima
632 2424 1305 2495 lubido,publicas‚sedun10en0tariperversi-

203 2493 405 2547 dominabatur
422 2493 520 2562 inepta
534 2511 565 2546 sa
585 2494 689 2547 ientiae
705 2494 745 2547 af·
764 2501 837 2547 tates
861 2494 1003 2547 hominum
1023 2510 1193 2547 communes.
1220 2493 1305 2557 Quod

202 2560 323 2616 sectatio
344 2567 373 2615 et
391 2579 498 2615 summa
521 2511 663 2615 stoliditas
684 2579 746 2616 cum
764 2562 878 2632 quidem
893 2580 978 2632 quum
992 2561 1076 2615 facile
1091 2562 1176 2615 liceat
1189 2579 1304 2630 percen-

204 2629 407 2698 superstitione
416 2631 524 2699 pariter
533 2637 618 2700 atque
628 2635 745 2684 temera·
765 2629 1205 2700 sendissingulorumEpodorum
1215 2629 1304 2683 acSa-

202 2699 247 2752 ria
265 2696 408 2765 impietate
429 2698 592 2765 coniuncta,
623 2698 746 2767 denique
764 2699 879 2752 tirarum
902 2715 933 2751 ar
955 2698 1076 2751 umentis
1100 2699 1303 2764 demonstrare,

201 2765 323 2836 publica
331 2765 438 2836 pariter
448 2772 533 2836 atque
542 2766 653 2834 privata
663 2766 745 2819 disci·
763 2773 871 2835 tamen,
890 2784 925 2820 ne
935 2716 1054 2835 iongius
1065 2772 1201 2835 evagetur
1211 2765 1305 2833 dispu-

202 2834 285 2904 plins
298 2832 381 2887 foede
402 2842 535 2904 corrupta
549 2841 623 2901 erat,
642 2841 674 2887 ut
687 2834 745 2887 uni·
764 2835 844 2903 tatic,
853 2833 1228 2955 Baucisremsignificavisse
1236 2834 1304 2886 satis

206 2918 306 2957 versae
325 2901 446 2955 civitatis
465 2904 542 2956 haud
561 2902 647 2955 dubia
665 2902 746 2955 ruina
764 2904 825 2958 erit.
878 2907 984 2956 raestat
998 2902 1070 2955 enim
1087 2901 1229 2968 continuo,
1249 2919 1305 2971 qua

203 2972 313 3024 instare
323 2970 491 3024 videretur.1
524 2970 592 3033 Quis
602 2970 745 3040 igiturmi-
765 2972 810 3025 via
824 2977 854 3024 et
866 2970 974 3024 ratione
988 2969 1125 3022 Horatius
1143 2969 1173 3021 in
1187 2969 1231 3020 his
1247 2986 1304 3022 car·

204 3045 283 3093 retur
292 3055 461 3108 generosum
474 3039 682 3092 adolescentem
692 3040 745 3107 pri·
764 3039 886 3092 minibus
894 3036 1233 3102 condendisversatussit,
1243 3036 1304 3089 bre·

206 3108 298 3160 stinae
320 3123 470 3161 memorem
494 3106 639 3176 dignitatis
663 3112 692 3159 et
709 3107 745 3160 ab
765 3106 1015 3171 viterostcndisse,
1028 3120 1083 3223 spuo
1095 3109 1171 3156 certo
1182 3104 1306 3155 futurum

206 3176 328 3229 honesto
359 3180 440 3244 patre
472 3175 508 3228 ad
537 3174 746 3243 praestantissi·
766 3174 827 3240 erit,
846 3179 877 3226 ut
888 3174 971 3226 ctiam
982 3173 1040 3226 inte
1055 3172 1167 3290 ligatur,
1188 3172 1234 3240 qui
1245 3177 1305 3223 tan·

208 3261 267 3296 mas
277 3259 405 3313 quasque
415 3242 531 3296 virtutes
541 3242 746 3310 adsuefactam,
766 3244 830 3295 dem
839 3242 944 3294 factum
956 3241 1000 3307 sit,
1015 3245 1047 3292 ut
1055 3241 1075 3291 il
1089 3257 1103 3292 e
1113 3246 1239 3307 tempore
1249 3245 1306 3291 tam

209 3309 387 3365 etiamsinon
400 3310 503 3364 invitus
516 3309 667 3364 inItaliam
685 3312 746 3364 red·
766 3310 845 3363 brevi
859 3310 895 3362 ad
910 3315 967 3362 tam
981 3325 1072 3361 raram
1086 3324 1119 3361 ao
1135 3307 1306 3376 singularem

211 3379 293 3434 eundi
302 3379 413 3433 veniam
426 3378 641 3447 impetravisset,
656 3384 747 3432 tamen
766 3378 910 3431 facultatis
941 3376 1070 3446 poeticae
1102 3376 1214 3429 laudem
1244 3394 1306 3445 per·

213 3464 297 3518 mque
311 3447 419 3515 patriae
433 3446 545 3500 miseria
559 3448 684 3501 doluisse
702 3465 747 3500 ve·
766 3446 882 3500 venerit.

214 3515 416 3569 rementissime
427 3520 456 3569 et
466 3515 746 3585 acrimoniaquadam
799 3514 949 3568 Enimvero
959 3511 1095 3568 Horatius
1106 3529 1161 3582 quo
1173 3511 1306 3566 maiorem

215 3583 293 3637 mimi
319 3583 457 3651 repletum
478 3582 554 3636 intus
580 3584 609 3635 in
631 3589 747 3653 pectore
767 3584 908 3653 quandam
929 3582 1050 3636 nominis
1070 3582 1113 3635 sui
1132 3581 1235 3634 famam
1259 3582 1306 3634 ad-

216 3668 259 3705 ruo
274 3651 436 3704 acerbiores
451 3668 485 3704 ac
496 3650 636 3705 tristiores
647 3669 747 3705 sensus
766 3651 1008 3719 ipisceretur,non
1017 3650 1111 3703 tritam
1122 3649 1306 3702 illemacvul-

217 3718 330 3773 aluisse?
346 3718 624 3775 NimirumHoratius
635 3720 747 3789 quidem
767 3736 862 3799 garem
877 3719 972 3787 poesis
983 3718 1158 3771 factitandae
1170 3717 1242 3770 viam
1252 3716 1307 3770 sibi

220 3786 313 3841 alibus
340 3788 470 3841 sensibus
496 3787 595 3857 utique
621 3788 747 3856 indulsit,
766 3806 794 3839 ιιι
832 3788 980 3842 ediendam
1004 3804 1067 3840 esse
1091 3785 1198 3851 statuit,
1223 3801 1307 3854 quam

227 3871 281 3909 uos
295 3853 408 3925 quidem
427 3873 527 3909 sensus
541 3871 594 3909 nec
610 3856 749 3910 dubitavit
767 3856 786 3907 ii
810 3873 855 3909 ere
867 3857 1066 3925 sequebantur,
1078 3853 1125 3922 qui
1135 3860 1231 3907 vetera
1242 3851 1307 3904 scri-

221 3923 317 3992 upodis
328 3940 362 3977 ac
376 3922 475 3977 Satiris
488 3923 645 3977 scribendis
654 3925 748 3993 palam
766 3930 817 3992 pta
834 3925 979 3977 etiamtum
997 3921 1195 3975 anteferebant
1212 3936 1308 3971 recen-

223 4008 303 4046 acere
313 3997 398 4062 atque
410 3998 506 4060 aperte
513 3992 667 4046 declarare.
678 3991 750 4046 Sunt
767 3992 913 4045 tioribus.1
944 3991 1004 4044 Imo
1014 3990 1085 4042 illud
1095 3989 1188 4057 potins
1199 3992 1307 4054 specta-

225 4059 283 4112 nim
291 4059 437 4140 utriusque
448 4060 559 4129 generis
570 4060 693 4114 carmina
703 4060 748 4113 iis·
767 4060 816 4125 vit,
831 4058 955 4112 utLatio
970 4076 1044 4111 nova
1058 4057 1179 4109 necdum
1193 4070 1307 4121 apopu-

228 4144 272 4181 em
282 4127 342 4182 fere
353 4128 748 4197 scrrptatemporibus,quam·
767 4128 874 4179 laribus
882 4122 1310 4201 suisscitetractataostenderet

228 4213 294 4249 uam
308 4197 407 4251 eadem
421 4196 517 4250 indole
536 4214 570 4250 ac
584 4202 686 4250 natura
700 4213 750 4249 sua
769 4194 921 4247 carminum
941 4210 1046 4262 genera
1061 4207 1150 4259 eaque
1165 4206 1241 4258 ipsa,
1261 4189 1308 4241 ad-

227 4264 386 4334 liquantum
395 4263 536 4318 differunt.
558 4263 631 4318 Nam
639 4263 749 4318 utnihil
770 4262 842 4315 scita
860 4261 944 4314 etiam
964 4261 1137 4315 Graecorum
1160 4262 1308 4335 venustate

230 4332 336 4386 icamus
346 4333 381 4386 de
391 4340 508 4387 externa
516 4332 625 4386 formae
636 4331 750 4386 diversi·
769 4336 798 4385 et
820 4328 976 4398 elegantia,
1001 4328 1037 4380 ad
1061 4342 1145 4395 quam
1162 4342 1308 4379 maximam

230 4406 277 4468 ite,
296 4418 368 4471 quae
379 4416 467 4470 prope
476 4400 506 4454 in
516 4400 615 4454 oculos
625 4400 750 4468 incurrit,
769 4398 837 4452 artis
852 4398 965 4450 laudem
975 4396 1136 4474 elaboraret
1150 4399 1238 4473 atque,
1247 4411 1308 4474 per-

232 4474 750 4539 rgumentumoerteeornmatquema-
768 4466 879 4535 poliret.
916 4465 999 4529 Quod
1027 4463 1139 4534 quidem
1162 4462 1309 4515 consrlrum

233 4544 286 4595 Π
295 4556 363 4605 spos.
373 4557 430 4596 xvr.
441 4559 463 4596 et
471 4558 519 4598 vn.
794 4557 805 4594 1
819 4566 840 4594 v.
851 4555 894 4593 sit.
905 4556 922 4593 ι.
934 4556 965 4593 ιο.
977 4554 999 4593 a
1007 4553 1077 4601 apra.
1088 4552 1115 4592 ιι,
1126 4553 1145 4599 1,
1156 4552 1253 4591 rs-ror.
