3225 5442
471 708 477 717 '
511 730 790 789 arrsronanuu
808 729 882 785 mu.
898 730 921 783 1.
1167 716 1228 782 187

196 911 320 986 gnarus
339 915 431 958 mane
450 891 554 956 forum
572 900 603 954 et
620 888 818 976 vespertinus
836 896 907 972 pete
926 896 1053 963 tectum,
1248 907 1281 954 20

195 1014 235 1057 ne
254 992 326 1077 plus
344 987 493 1052 frumenti
510 985 667 1050 dotalibus
686 992 801 1048 emetat
818 982 903 1068 agris

194 1086 307 1151 Mutus
325 1095 357 1148 et
379 1122 415 1129 -
433 1078 610 1168 indignuml
629 1078 713 1162 quod
732 1078 772 1141 sit
789 1075 947 1161 peioribus
966 1086 1062 1153 ortus,
1083 1115 1123 1123 -

194 1180 248 1244 hic
266 1178 323 1244 tibi
341 1178 381 1242 sit
399 1175 504 1260 potius
522 1196 616 1257 quam
635 1182 669 1235 tu
687 1170 838 1235 mirabilis
856 1170 911 1233 illi.

195 1270 350 1358 quidquid
367 1269 426 1335 sub
445 1278 527 1332 terra
545 1266 643 1331 estin
661 1264 801 1352 apricum
820 1264 958 1349 proferet
976 1274 1072 1340 aetas,

194 1366 337 1433 defodiet
355 1363 530 1446 condetque
548 1360 687 1425 nitentia.
711 1382 810 1443 quum
827 1358 908 1423 bene
925 1368 1035 1423 notum
1248 1379 1280 1426 25

193 1461 334 1549 porticus
352 1458 516 1545 Agrippae
534 1465 565 1520 et
582 1455 635 1519 via
652 1465 683 1519 te
701 1453 899 1539 conspexerit
917 1452 1014 1538 Appi,

194 1557 242 1620 ire
260 1563 364 1618 tamen
382 1560 479 1616 restat
496 1550 601 1615 Numa
618 1571 680 1633 quo
698 1548 825 1612 devenit
843 1558 874 1611 et
891 1546 1013 1611 Ancus.
1033 1586 1074 1593 —

197 1648 226 1714 si
243 1648 325 1711 latus
345 1655 399 1711 aut
416 1667 507 1709 renes
525 1643 634 1707 morbo
653 1651 812 1706 tentantur
829 1651 931 1718 acuto,

195 1764 312 1826 quaere
329 1741 440 1827 sugam
457 1738 567 1824 morbi.
593 1737 639 1802 vis
658 1746 740 1801 reete
759 1735 883 1799 vivere?
901 1734 970 1817 quis
989 1736 1070 1799 non?

194 1837 224 1901 'si
242 1835 340 1899 virtus
358 1835 418 1898 hoc
436 1856 500 1897 una
516 1839 620 1917 potest
638 1832 726 1907 dare,
745 1829 835 1894 fortis
855 1828 979 1893 omissis
1249 1850 1280 1896 30

193 1930 257 1993 hoc
274 1951 333 2014 age
351 1927 480 1991 deliciis.
508 1927 654 1990 virtutem
672 1924 769 1990 verba
786 1933 879 2009 putas
898 1932 930 1990 et

194 2024 302 2088 lucum
320 2023 420 2107 ligna:
439 2044 515 2085 cave
532 2043 572 2083 ne
589 2029 698 2105 portus
718 2027 850 2102 occupet
868 2017 954 2094 alter,

193 2140 237 2181 ne
256 2115 449 2201 Cibyratica,
469 2138 508 2179 ne
526 2114 665 2199 Bithyna
682 2112 809 2199 negotia
826 2112 954 2196 perdas3

195 2210 282 2275 mille
300 2209 415 2273 talenta
432 2209 650 2285 retundantur,
669 2207 798 2272 totidem
818 2205 927 2282 altera,
946 2228 1039 2291 porro
1057 2214 1088 2269 et

195 2304 288 2370 tertia
306 2305 488 2381 succedant,
508 2313 539 2369 et
556 2307 637 2388 quae
654 2326 728 2389 pars
747 2303 878 2387 quadret
895 2323 1052 2366 acervum.
1248 2321 1280 2367 35

196 2398 316 2465 scilieet
333 2421 463 2464 uxorem
481 2420 554 2463 cum
572 2399 645 2463 dote
662 2398 820 2481 fidemque
838 2407 869 2461 et
886 2396 1003 2461 amicos

193 2504 231 2557 et
247 2515 348 2580 genus
367 2504 399 2558 et
415 2494 549 2558 formam
565 2494 675 2581 regina
691 2493 826 2579 pecunia
843 2493 948 2571 donat,

195 2608 236 2651 ac
251 2587 331 2652 bene
337 2599 532 2653 nummatum
538 2590 664 2654 decorat
677 2585 817 2653 Suadela
833 2586 1016 2670 Venusque.

195 2679 361 2765 mancipiis
379 2680 518 2766 locuples
537 2689 610 2767 eget
626 2681 707 2746 aeris
727 2680 954 2766 Cappadocum
971 2703 1036 2768 rex:

195 2796 237 2837 ne
254 2774 352 2838 fareris
369 2774 420 2839 hic
439 2784 482 2839 tu.
505 2774 687 2860 chlamydes
704 2775 875 2853 Lucullus,
895 2785 930 2838 ut
947 2774 1042 2850 aiunt,
1245 2792 1279 2839 (ο

196 2867 226 2932 si
243 2876 352 2952 posset
369 2877 493 2932 centum
512 2891 625 2933 scenae
642 2869 792 2954 praebere
810 2879 949 2954 rogatus,

198 2960 274 3042 „qui
290 2982 421 3045 possum
435 2961 522 3025 tot?“
542 2962 598 3035 aitt
619 2972 744 3041 „tamen
758 2972 789 3027 et
802 2985 950 3045 quaeram
969 2970 1000 3026 et
1017 2970 1093 3044 quot
1105 2960 1227 3043 habebo

195 3053 350 3117 mittam.“
372 3063 445 3140 post
461 3056 567 3140 paullo
586 3055 771 3121 scribit-sibi
789 3056 887 3119 millia
904 3055 1041 3138 quinque
1165 3131 1167 3134 .

197 3168 269 3211 esse
286 3147 372 3211 domi
389 3148 603 3234 chlamydum3
621 3159 742 3235 partem
760 3150 811 3213 vel
829 3148 950 3213 tolleret
968 3170 1086 3212 omnes.
1183 3179 1186 3187 ·

197 3240 288 3305 exilis
306 3241 418 3306 domus
437 3252 499 3319 est,
518 3242 573 3308 ubi
590 3267 654 3308 non
672 3254 703 3308 et
720 3244 819 3307 multa
837 3250 1007 3327 supersunt
1248 3261 1280 3306 45

197 3344 230 3398 et
248 3333 409 3398 dominum
426 3335 539 3401 fallunt
556 3346 588 3401 et
604 3348 736 3424 prosunt
754 3335 891 3401 furibusl
911 3358 986 3421 ergo

198 3427 226 3493 si
243 3450 293 3493 res
313 3430 380 3493 sola
396 3440 502 3517 potest
519 3431 622 3496 faeere
640 3442 672 3497 et
690 3438 814 3497 servare
831 3431 969 3507 beatum,

197 3521 260 3586 hoc
276 3522 395 3607 primus
412 3534 536 3609 repetas
555 3547 649 3609 opus,
667 3526 729 3591 hoc
746 3535 924 3611 postremus
943 3523 1078 3587 omittas.

199 3615 227 3680 si
244 3615 438 3681 fortunatum
456 3619 577 3704 species
596 3629 627 3683 et
644 3620 746 3705 gratia
762 3628 911 3705 praestat,

198 3732 374 3776 mercemur
391 3734 517 3777 servum
534 3714 589 3797 qui
606 3715 702 3779 dictet
719 3715 861 3791 nomina,
879 3714 1004 3778 laetum
1249 3728 1281 3775 50

199 3804 254 3886 qui
271 3804 388 3869 fodicet
404 3806 487 3872 latus
506 3817 537 3872 et
554 3817 648 3894 cogat
665 3816 750 3873 trans
769 3809 909 3894 pondera
926 3808 1068 3871 dextram

197 3898 367 3985 porrigere.
392 3901 464 3981 „hic
481 3903 614 3967 multum
631 3903 665 3992 in
682 3902 783 3968 Fabia
800 3902 898 3979 valet,
917 3902 968 3966 ille
986 3900 1114 3977 Velina;

199 3991 251 4056 cui
268 3993 345 4057 libet
362 3993 413 4059 hic
431 3994 535 4062 fasces
554 3995 654 4074 dabit,
674 3997 845 4082 eripietque
864 3995 970 4059 curule

199 4086 251 4150 cui
267 4087 353 4151 volet
369 4088 567 4174 importunus
585 4090 693 4156 ebur.“
716 4091 840 4165 Frater,
859 4088 955 4152 Pater
972 4088 1067 4164 adde;

198 4188 235 4243 ut
252 4180 365 4264 cuique
383 4192 432 4247 est
449 4194 549 4262 aetas,
567 4184 613 4249 ita
629 4204 789 4268 quemque¹
803 4183 924 4247 facetus
944 4180 1067 4266 adopta
1201 4224 1203 4229 -
1250 4201 1281 4246 55

200 4272 242 4350 si,
260 4271 341 4338 bene
358 4275 414 4358 qui
431 4287 555 4355 coenat,
573 4277 655 4343 bene
673 4278 764 4356 vivit3
782 4277 879 4354 lucet,
899 4298 1007 4347 eamus

199 4388 263 4455 quo
281 4366 376 4432 ducet
392 4369 481 4455 gula:
499 4371 670 4456 piscamur,
689 4394 854 4449 venemur,
872 4378 908 4434 ut
925 4370 1001 4434 olim

201 4458 378 4548 Gargilius,
397 4464 451 4547 qui
469 4488 561 4530 mane
578 4466 703 4553 plagas,
722 4464 892 4543 venabula,
912 4486 1029 4541 servos,
1068 4478 1071 4484 '

200 4555 361 4621 differtum
379 4558 510 4625 transire
527 4559 630 4626 forum
648 4562 862 4647 populumque
879 4559 1016 4634 iubebat,
