3225 5442
479 729 756 787 EPISTOLARUM
774 731 848 785 LIB.
862 732 900 785 11.
987 725 989 730 ⁴
1141 723 1203 786 ‘227

191 913 266 977 pem
284 888 394 953 veniae
413 886 542 951 cautus?
559 886 656 951 vitavi
673 887 806 970 denique
825 888 959 973 eulpam,

191 1008 239 1048 ton
256 983 381 1046 laudem
399 981 507 1044 merui.
530 1003 586 1045 vos
605 980 795 1065 exemplaria
813 979 936 1047 Graeca

190 1087 328 1142 toetuma
344 1085 466 1139 versate
485 1097 593 1150 manu,
613 1086 734 1138 versate
753 1076 873 1139 dimna.

218 1181 250 1234 at
268 1170 488 1255 vestrieproavi
507 1168 670 1232 Plautinos
689 1178 720 1232 et
737 1191 884 1257 numeros
904 1179 935 1235 et

190 1266 341 1329 sudavere
361 1264 458 1339 sales,
477 1263 609 1325 nimium
626 1263 779 1347 patienter
795 1274 972 1348 utrumque,

190 1381 233 1423 ree
251 1359 353 1422 dicam
372 1356 478 1432 stulte,
498 1356 613 1432 mirati,
633 1356 771 1421 simodo
789 1379 849 1443 ego
868 1369 898 1422 et
914 1382 972 1423 vos

191 1454 293 1517 cimus
311 1451 499 1515 inurbanum
516 1450 620 1535 lepido
640 1473 790 1535 seponere
809 1452 902 1529 dieto,

189 1546 412 1632 egitimumque
431 1567 543 1608 sonum
561 1544 667 1629 digitis
688 1544 837 1610 callemus
856 1556 887 1610 et
904 1569 988 1611 aure.

189 1654 317 1726 gnotum
336 1638 471 1723 tragicae
490 1660 591 1723 genus
610 1638 767 1703 invenisse
787 1639 946 1710 Camenae
1020 1717 1022 1723 .

189 1734 287 1797 licitur
304 1743 335 1795 et
351 1732 498 1816 plaustris
517 1731 641 1795 vexisse
659 1743 806 1817 poemata
823 1734 970 1820 Thespis,

189 1850 256 1911 [uae
275 1836 421 1890 canerent
439 1836 629 1911 agerentque
646 1828 789 1910 peruncti
806 1828 948 1892 faecibus
968 1851 1030 1891 ora.

189 1932 247 1987 rost
264 1922 362 1999 hunc,
380 1943 533 2006 personae
550 1921 714 2005 pallaeque
731 1931 871 2005 repertor
888 1922 1047 1999 honestae,

189 2015 355 2099 leschylus
373 2026 404 2078 et
421 2014 552 2079 modieis
570 2015 713 2077 instravit
730 2015 851 2100 pulpita
869 2016 963 2101 tignis

189 2120 206 2173 t
223 2110 329 2173 docuit
347 2131 558 2194 magnumque
575 2108 662 2191 loqui
679 2108 796 2191 nitique
815 2110 975 2174 cothurno.

189 2202 327 2267 uceessit
345 2212 434 2266 vetus
453 2201 502 2266 his
521 2202 696 2277 comoedia,
715 2225 778 2265 non
797 2202 864 2267 sine
883 2203 981 2266 multa

188 2297 281 2374 aude3
300 2296 356 2359 sed
373 2295 405 2358 in
423 2296 533 2357 vitium
551 2295 676 2359 libertas
695 2296 811 2359 excidit
829 2305 860 2360 et
879 2297 941 2359 vim

188 2391 303 2476 lignam
319 2389 390 2474 lege
407 2389 488 2474 regi:
507 2389 559 2453 lex
576 2399 625 2452 est
643 2399 772 2474 accepta
789 2389 967 2472 chorusque

187 2485 305 2569 urpiter
322 2481 452 2547 obticuit
470 2482 592 2547 sublato
610 2484 677 2547 iure
694 2484 837 2547 nocendi.

187 2578 218 2641 til
235 2578 421 2641 intentatum
439 2577 537 2641 nostri
555 2577 674 2659 liquere
692 2588 818 2662 poetae3

187 2694 232 2736 tec
250 2671 413 2733 minimum
431 2692 570 2733 meruere
589 2671 685 2735 deeus
703 2672 838 2757 vestigia
857 2668 980 2736 Graeca
1050 2663 1054 2670 ’

187 2765 243 2829 tusi
262 2765 405 2828 deserere
423 2774 454 2826 et
472 2762 627 2827 celebrare
646 2765 819 2829 domestica
836 2765 931 2842 faeta,

187 2859 226 2922 rel
244 2857 297 2941 qui
313 2867 489 2942 praetextas
508 2858 559 2921 vel
576 2858 631 2941 qui
648 2859 780 2923 docuere
798 2869 932 2945 togatas.

187 2974 234 3016 ree
251 2952 363 3015 virtute
382 2951 462 3015 foret
480 2951 611 3015 clarisve
628 2953 785 3036 potentius
804 2953 899 3016 armis

187 3068 270 3129 luam
287 3045 396 3131 lingua
412 3045 556 3120 Latium,
576 3046 603 3109 si
620 3067 684 3109 non
703 3046 875 3109 offenderet
893 3068 1006 3109 unum-

187 3161 331 3222 quemque
348 3148 510 3223 poetarum
527 3139 621 3203 limae
638 3139 727 3203 labor
744 3149 774 3203 et
792 3163 888 3204 mora.
912 3161 984 3215 vos,
1003 3161 1022 3202 o

187 3233 348 3318 ?ompilius
368 3234 511 3318 sanguis,
531 3225 656 3297 carmen
673 3234 903 3318 reprehendite,
922 3233 1007 3315 quod
1024 3253 1086 3294 non

187 3326 274 3389 nulta
291 3327 358 3390 dies
377 3337 408 3390 et
425 3326 525 3389 multa
541 3326 634 3390 litura
652 3327 788 3390 coercuit
804 3336 898 3408 atque

187 3420 348 3483 ›erfectum
367 3420 470 3483 decies
488 3442 552 3484 non
570 3420 735 3505 castigavit
752 3420 793 3483 ad
811 3441 958 3505 unguem.

218 3512 378 3597 ingenium
396 3513 511 3576 misera
528 3513 602 3595 quia
619 3512 806 3577 fortunatius
825 3523 891 3576 arte

186 3607 274 3669 eredit
291 3616 322 3668 et
340 3606 477 3670 excludit
494 3630 587 3671 sanos
606 3606 759 3671 Helieone
777 3616 886 3692 poetas

186 3698 390 3776 Democritum
410 3699 492 3764 bona
508 3722 581 3784 pars
600 3723 664 3764 non
681 3723 803 3785 ungues
822 3722 938 3785 ponere
956 3709 1053 3775 curat,

186 3814 239 3857 ron
256 3792 385 3857 barbam
391 3818 400 3870 ;
419 3804 538 3857 secreta
554 3795 632 3877 petit
648 3794 731 3870 loca,
751 3794 864 3859 balnea
881 3795 967 3857 vitat.

186 3886 372 3950 raneiseetur
389 3886 472 3949 enim
488 3888 623 3971 pretium
640 3910 816 3970 nomenque
834 3897 954 3972 poetae,

186 3980 203 4042 t
220 3978 319 4043 tribus
337 3979 499 4063 Anticyris
518 3991 612 4065 eaput
629 3980 802 4045 insanabile
820 4003 981 4063 nunquam

189 4073 294 4137 onsori
311 4074 426 4137 Licino
444 4074 643 4138 commiserit.
668 4096 687 4138 o
705 4096 765 4159 ego
783 4074 901 4148 laevus,

186 4165 229 4249 qui
246 4164 364 4252 purgor
380 4166 476 4231 bilem
494 4166 553 4231 sub
571 4168 659 4255 verni
676 4167 825 4251 temporis
843 4165 966 4229 horaml

185 4282 238 4323 ton
256 4260 335 4337 alius
354 4260 471 4324 faceret
488 4261 616 4325 meliora
634 4271 787 4346 poemata.
811 4282 919 4323 verum

186 4352 218 4416 til
236 4355 314 4418 tanti
332 4364 394 4419 est:
413 4377 487 4440 ergo
504 4354 621 4441 'fungar
638 4356 706 4418 viee
725 4353 817 4429 cotis,
837 4364 963 4417 acutum

186 4446 304 4511 ¹addere
322 4469 403 4530 quae
421 4447 539 4512 ferrum
557 4448 653 4525 valet,
672 4469 780 4512 exsors
798 4446 868 4531 ipsa
886 4446 1026 4511 secandi:

971 4552 1031 4613 to*
1100 4619 1108 4632 ‚
