3225 5442
632 716 660 767 Q.
680 716 799 757 uomru
818 716 922 757 macor
1216 715 1322 762 van

238 828 328 880 leatur
355 825 505 879 ut1.9.10.
520 824 612 878 1415.
627 826 667 877 18.
677 824 718 877 23.
729 825 770 878 27.
789 825 843 877 niis
861 826 1011 881 admovere
1020 827 1128 897 liceret,
1142 836 1179 895 et,
1194 847 1267 899 quae
1278 831 1325 883 ali-

238 896 269 949 a.
283 867 386 947 solu.
400 894 424 946 a
439 894 536 945 10.12.
551 894 591 947 15.
606 894 648 946 26.
661 893 703 946 27.
717 895 769 959 28,
789 894 864 947 unde
874 895 910 948 ab
920 894 989 962 ipsis
1000 902 1090 949 sumta
1100 904 1204 965 essent,
1220 914 1325 952 eamox

238 963 392 1031 neutiquam
406 961 435 1013 id
449 960 556 1040 ingenii
570 962 705 1030 penuriae
722 968 772 1014 aut
789 961 911 1014 neniam
924 979 976 1030 pro
987 963 1096 1031 alienis,
1112 966 1162 1017 sed
1171 982 1222 1034 pro
1233 966 1326 1019 dome-

238 1030 347 1084 nertiae
358 1029 443 1082 alicui
456 1029 637 1082 tribuendum
649 1035 701 1096 est,
716 1029 769 1081 nisi
790 1029 867 1082 sticis
877 1036 962 1098 atquo
971 1030 1093 1098 propriis
1102 1032 1276 1087 haberentur
1286 1040 1325 1087 at-

238 1099 303 1152 'orts
318 1097 403 1150 etiam
412 1096 600 1165 Wielandios,
615 1097 769 1164 Herderos,
790 1114 844 1166 que
876 1098 1050 1151 roborentur.
1179 1162 1181 1166 Ι

238 1165 397 1231 lobiller0s‚
435 1164 583 1233 Goetbios,
620 1170 770 1233 propterea
815 1115 873 1218 Sei
902 1167 1143 1235 transgrediamur
1173 1168 1326 1238 aliquando

240 1234 307 1303 [uod
317 1239 433 1286 externa
443 1250 506 1286 cum
515 1233 702 1301 popularibus
713 1233 770 1285 suis
785 1232 826 1285 ad
840 1233 1033 1287 universorum
1049 1235 1200 1289 carminum
1215 1253 1327 1305 compo·

242 1300 510 1369 ommunicaverint,
535 1302 636 1355 eodem
654 1300 769 1355 crimine
790 1299 920 1354 sitionem
935 1308 965 1354 et
979 1310 1206 1370 argumentorum
1225 1311 1326 1357 tracta-

243 1368 616 1423 rbstrictostenerivolneris.
634 1368 770 1424 Nimirum
788 1368 902 1421 tionem.
920 1369 1327 1448 lnquaetipsasummaquae·

245 1436 340 1505 epigit
349 1436 486 1489 Horatius
500 1437 571 1490 talia
586 1437 710 1489 carmina
719 1453 770 1503 per
789 1453 844 1506 que
855 1443 993 1504 spectavit
1002 1438 1146 1506 Horatius,
1155 1440 1328 1493 Graecorum

245 1521 321 1557 nsum
336 1505 477 1574 quendam
491 1504 647 1571 liberalem,
668 1504 726 1556 sive
740 1511 771 1556 ut
789 1506 917 1572 exemplo
937 1505 1062 1573 inprimis
1082 1517 1147 1561 ante
1162 1508 1262 1560 oculos
1275 1524 1327 1576 po-

246 1572 326 1627 alium
341 1577 503 1640 poematum
517 1572 645 1626 notitiam
661 1571 770 1626 civibus
790 1571 853 1624 sito.
881 1573 953 1625 Nam
962 1574 1071 1626 utnihil
1083 1575 1208 1627 dicamus
1219 1576 1253 1629 de
1268 1583 1327 1629 arte

247 1639 288 1694 uis
305 1639 469 1709 impertiret,
490 1640 548 1695 sive
567 1647 599 1693 ut
617 1640 678 1708 ipse
692 1640 769 1708 inge·
788 1639 852 1706 illa,
872 1657 928 1708 qua
946 1642 1070 1694 colorem
1089 1642 1224 1696 orationis
1242 1651 1328 1713 atque

248 1724 314 1762 uam
331 1708 397 1761 inde
416 1714 532 1777 caperet
549 1708 770 1762 oblectationem
788 1707 948 1760 universum
975 1709 1149 1778 singulorum
1177 1710 1328 1764 carminum

250 1775 769 1846 aquesubindepropiusinartisGrae·
788 1774 917 1828 habitum
935 1778 1107 1844 argumentis
1127 1796 1223 1832 eorum
1243 1779 1328 1847 plane

251 1842 598 1922 asingeniuminsinuaret.
608 1844 642 1897 ln
648 1844 770 1921 quoqui·
789 1843 1002 1897 convenientem
1013 1844 1082 1898 fecit
1091 1853 1177 1915 atque
1209 1863 1278 1899 enus
1289 1846 1328 1899 di-

252 1927 294 1966 em
304 1910 456 1979 diligenter
469 1912 622 1966 tenendum
632 1917 677 1965 est
689 1911 770 1963 istius
789 1910 872 1964 cendi
883 1910 1019 1980 singulari
1028 1863 1281 1982 iudiciiprurientia
1290 1914 1327 1966 ita

255 1978 305 2033 odi
333 1979 457 2032 carmina
486 1979 635 2033 maximam
661 1985 770 2049 partem
788 1978 874 2046 rexit,
897 1986 930 2032 ut
947 1980 1163 2034 translationum
1181 1981 1330 2034 audaciam

256 2046 319 2101 deri
336 2046 471 2101 iuvenilia
485 2052 514 2101 et
527 2047 625 2116 paucis
644 2047 770 2114 exceptis
788 2047 989 2114 temperaverit
999 2049 1329 2115 verecundia,verborum

256 2114 382 2183 dprimo
401 2116 447 2169 vel
464 2116 548 2169 tertio
572 2115 645 2169 libro
664 2116 770 2168 inserta
788 2113 971 2167 insolentiam
1006 2115 1178 2184 mitigaverit
1203 2115 1330 2182 lenitate,

257 2198 303 2237 ise.
330 2182 466 2236 Nimirum
475 2183 581 2251 primus
590 2183 664 2237 liber
673 2183 769 2252 utique
789 2182 900 2250 copiam
914 2187 943 2235 et
960 2183 1119 2237 ubertatem
1136 2183 1330 2237 moderatione

258 2250 355 2305 nmina
374 2250 501 2305 continet
519 2268 536 2304 a
553 2257 640 2319 poeta
661 2251 717 2305 iam
735 2267 769 2303 eo
788 2249 896 2320 ingenii
910 2250 1128 2318 compescuerim
1146 2250 1273 2319 inprimis
1291 2258 1330 2305 et-

259 2334 356 2388 mpore
367 2319 568 2388 confectaque
578 2318 697 2387 primum
706 2318 770 2387 lyri-
788 2319 844 2372 iam
857 2334 950 2371 rerum
966 2319 1106 2386 expositio
1117 2336 1151 2373 ca
1166 2325 1218 2387 cst,
1232 2319 1260 2371 in
1276 2337 1332 2388 qua

260 2387 403 2455 vnpoesin
418 2403 549 2441 exercere
563 2385 698 2453 instituit3
716 2394 770 2439 ter-
789 2391 903 2455 poetam
922 2386 1068 2440 latendum
1087 2388 1124 2441 sit
1142 2404 1249 2440 summa
1268 2404 1330 2440 cum
1383 2420 1386 2425 -

261 2461 391 2510 tsautem
399 2455 472 2509 liber
482 2472 531 2508 cur
540 2456 629 2508 multa
641 2454 670 2507 id
681 2471 771 2524 genus
790 2454 918 2508 sollertia
939 2463 1081 2507 versatum
1104 2472 1176 2508 esse.
1220 2454 1330 2509 Etenim

264 2523 448 2592 ¹mplectatur,
464 2522 542 2577 exiis
556 2522 683 2602 patefiet,
698 2539 770 2601 quae
789 2522 908 2643 primum
919 2522 1041 2592 quidem,
1056 2524 1133 2593 quod
1146 2523 1207 2591 ipse
1222 2522 1252 2575 in
1261 2521 1330 2576 Arte

264 2590 771 2661 ratpaullodehuiushbrioriginrbus
816 2590 909 2644 oetica
918 2590 990 2643 v.23.
998 2591 1107 2644 censuit
1116 2594 1215 2661 quiduis
1223 2593 1331 2659 simplex

266 2658 386 2729 posituri
396 2676 500 2712 sumus.
527 2657 584 2712 Sed
593 2658 649 2712 hoc
659 2658 771 2728 quidem
789 2662 916 2711 dumosae
930 2668 954 2711 et
971 2677 1051 2711 carun
1068 2665 1281 2739 essepportere,
1300 2658 1330 2710 id

266 2733 295 2781 ot
304 2726 772 2795 sesehabet,illudcerteiamaper-
789 2726 917 2847 inprimis
926 2726 1010 2780 etiam
1019 2726 1243 2780 incarmrmbusl
1281 2726 1330 2778 'cis
1379 2771 1383 2778 .

267 2811 292 2847 m
309 2794 371 2848 fors
390 2793 589 2862 existimamus,
609 2794 772 2864 neutiquam
791 2795 820 2849 di
832 2794 1006 2864 igentissime
1026 2795 1195 2849 observavit.
1265 2794 1332 2847 abet

269 2861 384 2916 >ratium
402 2861 511 2916 servilis
533 2861 698 2916 imitationis
721 2860 772 2916 eri-
791 2863 866 2917 enim
892 2862 1115 2933 unumquodque
1139 2878 1251 2915 carmen
1273 2877 1331 2914 non

270 2929 301 2990 ni
320 2946 383 2983 esse
402 2929 564 2984 obnoxium.
596 2930 651 2994 Qui
666 2931 772 3000 siquae
791 2932 875 2985 modo
895 2936 1001 2983 certum
1017 2931 1157 2999 quendam
1171 2928 1256 2982 animi
1270 2946 1331 2980 sen-

274 2998 346 3052 alius
361 3013 395 3051 ex
404 2997 523 3056 ¹Graecis
533 2997 638 3051 Latina
650 2998 728 3065 fecit,
743 2997 772 3050 id
792 3004 888 3052 sumet
897 2997 1037 3065 affectum,
1045 2998 1093 3067 qui
1103 3014 1153 3066 per
1162 3001 1252 3049 totum
1262 2996 1332 3049 illud

273 3082 327 3119 rum
346 3066 476 3119 consulto
494 3065 535 3118 ita
556 3065 661 3120 fecisse
680 3066 773 3120 existi·
793 3066 874 3137 quasi
885 3065 1002 3118 diffusus
1013 3071 1057 3118 est
1067 3072 1152 3134 atque
1163 3063 1331 3130 dominatur,

274 3134 420 3200 mdnsest3
439 3139 666 3187 ceterumautem
675 3150 733 3187 non
742 3139 774 3187 ut
793 3136 843 3188 sed
853 3132 1127 3201 ctiamprincipalem
1137 3131 1261 3200 aliquam
1271 3146 1331 3183 sen-

275 3200 561 3255 etaeveteresfacere
572 3207 775 3269 consueverant
792 3201 919 3268 tentiam,
939 3201 1079 3269 adquam
1098 3199 1219 3268 denique
1240 3197 1333 3251 omnia

289 3267 380 3337 Epist.
393 3268 416 3321 I.
430 3269 460 3336 3,
475 3268 595 3323 15-19.
613 3268 681 3349 ibid.
690 3269 774 3349 Jslx.
793 3275 878 3347 atque
894 3269 1006 3337 singula
1021 3274 1162 3335 tamquam
1178 3265 1246 3318 solis
1260 3265 1333 3319 radii

278 3334 774 3474 blattirttilitllltttltt
792 3334 1227 3485 tlal⁸ll¹..⁸1⁰lt¹¹tttftltlt
1237 3333 1333 3455 capp

280 3471 415 3541 rtGraeei,
424 3472 638 3541 interpretando
649 3479 699 3527 aut
709 3489 773 3527 con·
793 3491 836 3526 nrs
847 3471 966 3525 consilio
981 3476 1010 3524 et
1019 3476 1184 3540 argumento
1201 3470 1332 3538 primario

282 3538 397 3594 rinando
407 3541 527 3594 reddere
539 3542 774 3609 conatusest,sed
793 3540 883 3608 repeti
894 3544 1013 3607 oportet.
1042 3540 1126 3601 Quod
1141 3543 1235 3591 tamen
1249 3538 1333 3590 inter·

285 3625 317 3663 ee
326 3607 356 3661 id
366 3607 481 3676 studuit,
490 3614 522 3662 ut
532 3608 615 3662 etiam
624 3626 717 3662 rerum
725 3609 774 3662 ha·
794 3610 860 3661 dum
873 3625 932 3660 non
946 3608 1018 3661 adeo
1028 3606 1112 3660 facile
1124 3612 1176 3659 est.
1205 3606 1333 3659 Callidis-

283 3691 296 3730 ι
316 3676 427 3730 ratione
445 3676 573 3731 Graecae
596 3677 665 3730 artis
688 3682 773 3746 atque
793 3677 861 3729 sime
872 3675 1040 3743 enimpoeta
1054 3674 1181 3743 inprimis
1195 3673 1333 3751 incelsio3

286 3743 400 3797 ditionis
422 3745 511 3797 virtus
537 3761 573 3797 ac
598 3744 774 3813 praestantia
792 3744 831 3797 ris
851 3743 965 3811 spiritus
985 3742 1156 3797 carminibus
1175 3759 1236 3795 eam
1253 3758 1334 3811 quasi

286 3828 349 3880 apo
370 3811 497 3865 ularibns
515 3811 574 3865 suis
589 3812 774 3866 communica·
793 3810 975 3866 abscondidit
993 3810 1104 3878 stipsis
1118 3808 1279 3879 legentibus
1293 3808 1334 3886 in·

287 3895 320 3933 rr.
346 3829 496 3934 Enimvero
510 3879 566 3934 fuit
578 3880 773 3934 haecomnino
792 3879 990 3958 vestigandam
1008 3877 1132 3947 reliquit,
1157 3877 1334 3954 quandoqui-

288 3950 382 4001 darum
399 3946 476 4000 illius
489 3947 590 4001 aetatis
603 3948 686 4009 ratio,
701 3954 733 4001 ut
745 3948 775 4000 in
793 3949 856 4002 dem
869 3965 898 3999 vn
916 3946 951 3999 iis
966 3952 1083 4025 propter
1102 3944 1236 3997 maiorem
1250 3941 1334 4019 animi

289 4013 371 4068 tando
389 4014 519 4069 universe
538 4034 551 4068 s
573 4021 702 4070 actarent
715 4016 773 4069 lau·
793 4014 1009 4069 commotionem
1023 4013 1100 4066 illam
1110 4016 1227 4065 exornat
1239 4015 1334 4077 potrus

290 4098 301 4134 ι
326 4082 510 4150 perfectionis
531 4082 541 4135 i
563 4100 655 4152 eoque
681 4101 773 4137 rerum
792 4080 1019 4151 magnificentius
1034 4086 1063 4133 et
1101 4078 1192 4131 oetice
1210 4078 1335 4129 illustrat

291 4148 346 4204 cies
358 4150 536 4219 potissimum
545 4157 631 4221 atque
642 4151 775 4205 formasa
793 4167 878 4219 quam
900 4153 998 4215 aperte
1023 4097 1156 4201 decimat.
1194 4143 1334 4209 Quocirca

292 4216 355 4271 acis
364 4223 534 4298 repeterent,
552 4235 642 4273 nono
665 4236 715 4273 era
728 4235 774 4272 eo·
793 4225 852 4271 tum
866 4217 905 4270 ita
918 4216 1077 4270 faciendum
1092 4219 1144 4279 est,
1159 4217 1190 4265 ut
1203 4230 1246 4291 ca,
1261 4228 1336 4281 quae

293 4305 299 4338 ι
313 4286 499 4355 compilarent
512 4292 562 4341 aut
575 4304 620 4342 ser
660 4287 715 4340 iter
729 4303 774 4341 ex·
793 4285 942 4364 primariae
956 4281 1114 4337 sententiae
1132 4281 1333 4334 illuminandae

294 4359 396 4408 nerent.
432 4352 496 4417 Qua
513 4354 626 4425 quidem
649 4353 776 4409 sollertia
793 4352 957 4420 inserviunt,
965 4349 1137 4419 cogitatione
1147 4349 1221 4402 inter
1230 4366 1260 4429 se
1269 4365 1333 4429 corr-

298 4421 420 4492 denique
432 4421 463 4475 id
478 4428 543 4476 sunt
553 4422 729 4492 consequuti,
744 4427 776 4475 ut
792 4424 950 4488 nectantur,
962 4422 1167 4488 comparentur,
1174 4419 1294 4487 demque
1305 4435 1333 4470 m

296 4494 391 4546 eterna
404 4491 480 4545 bona
493 4490 684 4545 Romanorum
697 4490 775 4559 inge·
792 4505 879 4543 unum
898 4488 1065 4557 iungantur,
1087 4503 1142 4556 quo
1161 4486 1238 4542 facto
1257 4486 1332 4541 haud
