3225 5442
308 665 369 730 104
635 676 668 740 Q.
682 673 849 729 HORATII
861 670 1006 728 FLAOCI

434 846 536 898 aratra
552 832 690 897 nitantur
707 853 787 907 mea,

390 949 526 1014 pecusve
545 926 689 992 Calabris
707 935 780 990 ante
799 924 886 988 sidus
904 923 1066 988 fervidum

433 1022 568 1085 Lucana
584 1028 684 1084 mutet
700 1018 838 1104 pascuis,

389 1136 490 1198 neque
507 1123 544 1177 ut
561 1113 687 1198 superni
704 1112 779 1176 villa
796 1111 934 1176 candens
953 1110 1088 1176 Tusculi

433 1208 565 1273 Circaea
581 1216 690 1293 tangat
707 1205 839 1269 moenia.

389 1302 464 1366 satis
484 1310 638 1386 superque
656 1323 706 1364 me
724 1299 900 1385 benignitas
918 1307 974 1362 tua

432 1395 556 1458 ditavit:
574 1394 658 1458 haud
676 1415 827 1479 paravero

389 1490 474 1573 quod
490 1498 545 1552 aut
562 1511 675 1553 avarus
693 1497 729 1551 ut
747 1486 899 1552 Chremes
918 1488 1000 1552 terra
1017 1509 1169 1573 premam,

432 1583 601 1647 discinctus
619 1591 674 1646 aut
690 1581 820 1666 perdam
837 1602 945 1665 nepos.

684 1859 882 1920 GARMEN
903 1860 949 1919 ΙΙ.

718 2003 913 2053 nermo.

389 2146 507 2209 Beatus
525 2144 591 2222 ille,
611 2145 666 2228 qui
683 2145 792 2230 procul
810 2145 953 2231 negotiis,

431 2249 467 2302 ut
483 2239 586 2324 prisca
603 2262 681 2325 gens
700 2239 887 2316 mortalium,

388 2344 518 2419 paterna
535 2357 609 2397 rura
626 2331 728 2398 bobus
746 2342 871 2398 exercet
889 2332 955 2397 suis

433 2427 554 2490 solutus
572 2427 657 2491 omni
674 2427 796 2491 fenore:

389 2542 489 2603 neque
508 2521 660 2585 excitatur
676 2521 808 2585 classico
826 2521 915 2585 miles
933 2523 1023 2599 truci,
1089 2556 1091 2561 ·

426 2636 532 2697 neque
550 2614 656 2679 horret
671 2615 786 2679 iratum
802 2638 904 2693 mare3

390 2709 555 2792 forumque
571 2708 650 2772 vitat
667 2718 699 2772 et
717 2707 853 2793 superba
869 2709 985 2773 civium

431 2803 640 2887 potentiorum
657 2802 774 2866 limina.

389 2919 465 2982 ergo
483 2905 537 2960 aut
554 2898 661 2961 adulta
678 2897 788 2960 vitium
806 2897 977 2983 propagine

431 2991 510 3055 altas
528 2992 653 3055 maritat
668 2991 802 3076 populos

388 3096 442 3150 aut
458 3085 492 3149 in
508 3087 637 3151 reducta
653 3086 735 3150 valle
752 3086 959 3171 mugientium

432 3189 612 3265 prospectat
629 3190 767 3244 errantes
784 3201 908 3266 greges,

389 3274 576 3357 inutilesque
594 3274 674 3339 falce
692 3297 795 3339 ramos
814 3284 980 3360 amputans

433 3368 587 3433 feliciores
606 3369 724 3445 inserit,

269 3481 278 3490 ·
389 3470 444 3524 aut
460 3484 571 3545 pressa
587 3463 674 3547 puris
692 3462 786 3527 mella
804 3463 909 3528 condit
927 3462 1097 3547 amphoris,

431 3565 484 3618 aut
502 3558 610 3620 tondet
626 3558 765 3622 infirmas
784 3579 875 3635 oves3

388 3648 439 3711 vel
457 3670 528 3711 cum
547 3651 696 3714 decorum
714 3651 842 3716 mitibus
860 3650 963 3736 pomis
981 3661 1076 3735 caput

431 3753 599 3809 autumnus
618 3746 701 3810 arvis
720 3745 840 3823 extulit,

389 3847 424 3899 ut
441 3839 558 3922 gaudet
575 3838 702 3903 insitiva
720 3840 890 3925 decerpens
909 3840 977 3926 pira

432 3941 602 3997 certantem
619 3942 651 3997 et
667 3957 761 3998 uvam
779 3956 946 4020 pmpurae,

388 4048 451 4109 qua
468 4036 648 4092 muneretur
664 4036 708 4104 te,
726 4027 856 4113 Priape,
875 4038 907 4092 et
924 4037 969 4105 te,
987 4035 1077 4111 pater

433 4118 575 4198 Silvano,
595 4130 678 4186 tutor
695 4121 814 4185 finium.

388 4212 465 4278 libet
481 4215 582 4279 iacere
600 4217 694 4280 modo
713 4215 772 4280 sub
790 4216 918 4299 antiqua
934 4215 1014 4292 ilice,

431 4309 524 4371 modo
542 4308 575 4371 in
593 4309 694 4374 tenaci
710 4309 861 4395 gramine.

388 4399 536 4465 labuntur
552 4402 623 4466 altis
641 4403 764 4467 interim
781 4403 857 4488 ripis
875 4423 985 4487 aquae,
