3225 5442
631 695 664 760 Q.
679 693 843 749 HORATII
857 690 999 748 rnnccl

581 1195 622 1271 Q.
645 1194 857 1256 uonnrrr
878 1194 1057 1255 rancor

361 1356 1178 1507 'oraminum

628 1620 764 1675 urana
787 1618 1007 1685 ouanrus.
1047 1580 1050 1586 ’

688 1850 939 1944 canunnr.

615 2027 686 2075 AD
721 2026 1020 2076 VENEREM.

413 2151 607 2227 Intermissa,
626 2149 751 2228 Venus,
771 2151 826 2215 diu

452 2270 560 2311 rursus
578 2245 661 2311 bella
678 2246 805 2310 moves?
822 2267 929 2329 parce,
948 2267 1073 2330 precor,
1091 2245 1209 2331 precor!

410 2365 473 2406 non
491 2365 562 2407 sum
580 2341 681 2424 qualis
699 2362 784 2404 eram
801 2339 903 2404 bonae

454 2436 512 2501 sub
531 2458 628 2521 regno
648 2433 791 2498 Cinarae.
811 2434 933 2512 desine,
952 2434 1091 2498 dulcium

410 2565 510 2619 mater
527 2577 622 2619 saeva
640 2553 843 2639 Cupidinum,

453 2650 536 2714 circa
552 2649 651 2713 lustra
667 2649 777 2712 decem
794 2648 918 2712 flectere
936 2647 1082 2713 mollibus

411 2743 473 2806 iam
492 2743 604 2806 durum
621 2742 775 2827 imperiis3
794 2742 855 2819 abi,

453 2859 516 2920 quo
533 2835 667 2901 blandae
684 2837 834 2900 iuvenum
852 2846 882 2901 tc
899 2847 1048 2903 revocant
1065 2860 1182 2923 preces.

410 2948 625 3033 tempestivius
644 2948 677 3011 in
694 2949 822 3013 domum

390 3048 398 3063 ⁹
455 3042 574 3119 Paulli,
592 3042 758 3127 purpureis
777 3042 842 3107 ales
861 3041 1009 3120 oloribus,

412 3136 622 3201 comissabere
639 3136 783 3213 Maximi,
968 3164 970 3169 ·

455 3231 483 3295 si
501 3239 615 3295 torrere
633 3230 719 3294 iecur
736 3231 860 3314 quaeris
878 3233 1035 3297 idoneum.

411 3363 546 3425 namque
564 3350 596 3405 et
612 3341 726 3406 nobilis
745 3351 777 3406 et
794 3344 908 3408 decens

452 3444 483 3499 et
499 3457 556 3520 pro
576 3434 715 3499 sollicitis
733 3459 796 3500 non
815 3438 926 3502 tacitus
945 3439 1007 3503 reis

412 3539 443 3593 et
460 3538 585 3592 centum
603 3551 681 3613 puer
698 3530 812 3594 artium

453 3624 516 3687 late
535 3624 626 3709 signa
643 3624 723 3689 feret
739 3625 868 3690 militiae
886 3635 968 3702 tuae,

411 3743 443 3799 et
460 3735 648 3819 quandoque
665 3737 822 3821 potentior

455 3829 551 3915 largis
569 3831 751 3896 muneribus
769 3831 870 3895 riserit
889 3830 1013 3907 aemuli,

412 3922 557 3989 Albanos
574 3946 672 4009 prope
690 3934 721 3988 te
738 3924 826 3989 lacus

453 4027 549 4102 ponet
566 4040 772 4082 marmoream
791 4018 850 4084 sub
868 4016 956 4084 trabe
974 4018 1079 4083 citrea.

411 4128 475 4192 illic
492 4128 626 4213 plurima
643 4128 771 4193 naribus

455 4222 552 4286 duces
570 4222 675 4297 thura,
694 4222 824 4307 lyraque
842 4235 874 4286 et
891 4222 1079 4306 Berecyntia

411 4314 605 4379 delectabere
623 4315 708 4392 tibia,

453 4409 558 4473 mixtis
577 4410 766 4475 carminibus
785 4432 849 4474 non
867 4410 934 4474 sine
952 4408 1070 4485 fistula3
