3225 5442
475 728 683 787 CARMINUM
694 729 770 784 LIB.
785 730 823 785 ll.

283 891 384 954 laetus
401 887 434 952 in
450 909 599 973 praesens
618 886 755 964 animus,
774 888 860 970 quod
877 888 958 954 ultra
975 900 1033 965 cst,
1181 912 1214 960 25

284 983 384 1049 oderit
401 1004 510 1047 curare
528 992 560 1047 et
577 1004 683 1045 amara
699 981 785 1045 lento

282 1086 433 1163 temperet
450 1076 526 1141 risu
544 1075 621 1140 nihil
639 1084 688 1140 est
705 1075 745 1141 ab
764 1078 849 1140 omni

344 1180 432 1256 parte
450 1169 587 1235 beatum.

282 1309 410 1375 abstulit
426 1308 546 1373 clarum
563 1308 625 1373 cita
642 1330 727 1375 mors
744 1307 913 1387 Achillem,

281 1405 375 1491 longa
393 1404 565 1468 Tithonum
583 1403 694 1467 minuit
712 1413 872 1480 senectus3

282 1498 406 1562 etmihi
423 1497 545 1574 forsan,
565 1496 621 1561 tibi
639 1498 724 1581 quod
741 1498 873 1584 negarit,

343 1591 483 1677 porriget
499 1590 585 1655 hora.

281 1740 311 1793 te
328 1751 442 1815 greges
460 1738 586 1793 centum
605 1726 792 1811 Siculaeque
811 1728 927 1793 circum

280 1823 425 1909 mugiunt
441 1844 571 1900 vaccae,
590 1821 647 1886 tibi
664 1821 744 1886 tollit
760 1822 916 1886 hinnitum

281 1927 354 2002 apta
371 1916 532 2002 quadrigis
551 1938 646 2000 equa,
664 1925 696 1980 te
713 1914 763 1980 bis
780 1914 863 1979 Afro

343 2014 462 2077 murice
480 2012 594 2076 tinctae

279 2152 417 2216 vestiunt
433 2151 538 2215 lanae:
556 2151 634 2215 mihi
650 2174 748 2237 parva
765 2173 852 2227 rura,
871 2160 902 2214 et

279 2248 422 2332 spiritum
441 2244 557 2311 Graiae
574 2256 700 2311 tenuem
719 2246 880 2311 Camenae

279 2340 380 2406 Parca
397 2363 461 2405 non
478 2340 616 2405 mendax
632 2340 718 2405 dedit
736 2350 768 2405 et
785 2339 959 2425 malignum

343 2456 490 2520 spernere
508 2434 633 2521 vulgus.

475 2659 675 2723 CARMEN
696 2660 804 2721 XVII.

239 2803 292 2854 sn
313 2805 345 2854 c.
366 2804 523 2856 cranium
539 2804 806 2854 mnncnnnrnm
823 2802 1044 2856 nnsnormr.

299 2929 366 2996 Cur
382 2954 433 2997 me
451 2932 586 3015 querelis
604 2932 765 2997 exanimas
784 2930 866 2996 tuis?

296 3047 355 3090 nec
372 3026 421 3091 dis
440 3026 575 3091 amicum
593 3037 717 3092 estnec
734 3025 825 3102 mihi,
844 3034 875 3089 te
892 3025 979 3110 prius

340 3119 440 3198 obire,
458 3119 645 3199 Maecenas,
664 3143 804 3184 mearum

381 3214 499 3298 grande
517 3213 613 3278 decus
632 3214 839 3296 columenque
856 3235 970 3278 rerum.

296 3350 351 3428 ah,
370 3360 507 3415 temese
526 3350 553 3416 si
569 3362 690 3436 partem
709 3351 830 3417 animae
848 3352 929 3437 rapit

295 3444 445 3508 maturior
460 3444 523 3522 vis,
542 3445 618 3528 quid
636 3467 740 3510 moror
756 3447 864 3524 altera,

339 3560 397 3603 nec
414 3560 505 3603 carus
524 3560 638 3622 aeque,
656 3562 715 3604 nec
733 3551 892 3626 superstes

379 3633 520 3718 integer?
535 3634 588 3698 ille
606 3633 674 3699 dies
693 3645 859 3720 utramque

296 3768 389 3832 ducet
405 3770 538 3834 ruinam.
556 3793 621 3834 non
639 3792 698 3857 ego
716 3772 871 3857 perfidum

295 3860 361 3925 dixi
379 3873 622 3929 sacramentum:
641 3864 771 3943 ibimus,
789 3866 915 3941 ibimus,

337 3953 512 4039 utcumque
525 3959 708 4043 praecedes,
728 3981 910 4045 supremum

380 4071 505 4135 carpere
523 4050 583 4114 iter
599 4052 728 4117 comites
745 4052 856 4137 parati.

294 4206 345 4249 me
362 4207 421 4250 nec
440 4184 626 4251 Chimaerae
644 4187 772 4272 spiritus
790 4187 911 4272 igneae,

293 4299 366 4355 nec,
385 4278 412 4343 si
429 4289 586 4365 resurgat,
605 4280 799 4344 centimanus
819 4276 909 4364 Gyas

337 4372 464 4437 divellet
482 4396 635 4457 unquam:
655 4374 701 4439 sic
717 4374 836 4459 potenti

380 4465 522 4532 Iustitiae
539 4467 752 4552 placitumque
769 4468 889 4533 Parcis.
