3225 5442
698 692 819 734 nonam
835 691 940 732 FLACCI
1285 692 1351 737 le

254 805 373 860 Asellae
395 803 548 875 praecipit,
577 803 718 874 quomodo
738 819 796 857 car·
816 801 935 871 singulis
946 803 1127 857 elaborandis
1138 811 1274 875 sequutus
1289 824 1352 861 esse

254 875 333 928 mina
344 891 396 927 sua
405 874 535 942 Augusto
547 873 649 926 decore
657 872 796 925 tradenda
816 870 958 939 videatur,
982 873 1211 941 quandoquidem
1231 882 1260 928 et
1277 876 1352 929 vitae

256 944 327 1010 sint3
347 960 431 1012 quam
445 941 595 1010 epistolam
612 958 665 993 nos
685 939 796 1010 quidem
816 945 948 993 externae
961 940 1187 994 necessitudines
1203 942 1240 995 ob
1255 944 1353 996 oculos

255 1011 396 1066 fasciculo
416 1009 569 1063 carminum
587 1009 624 1061 ad
637 1008 796 1077 Augustum
816 1007 916 1060 habuit
934 1014 1083 1089 certosque
1103 1009 1231 1063 homines
1250 1011 1353 1065 desua

255 1080 342 1132 misso
364 1095 417 1148 per
439 1078 564 1146 lepidum
582 1076 676 1131 iocum
699 1075 796 1129 adiun-
816 1075 900 1128 animi
919 1082 1059 1130 sententm
1077 1077 1234 1147 mentisque
1249 1078 1353 1140 iudicio

257 1154 346 1215 etam,
382 1163 441 1199 non
468 1146 505 1198 ad
530 1145 656 1199 Asellam
683 1144 797 1197 missam
817 1145 936 1198 edocere
951 1151 1070 1198 conatus
1085 1152 1138 1213 est,
1158 1153 1186 1199 et
1195 1148 1353 1200 maturioris

255 1212 693 1282 fuissearbitramur‚utAugusti
704 1212 796 1281 potius
817 1211 971 1280 sapientiae
986 1213 1095 1266 fructus
1114 1214 1143 1266 in
1157 1214 1249 1267 lucem
1262 1216 1354 1283 puhli-

256 1301 342 1353 quam
351 1281 494 1335 tabellarii
509 1281 600 1350 gratia
615 1282 720 1350 scripta
734 1296 797 1333 een·
817 1297 879 1332 cam
889 1280 996 1333 studuit
1005 1282 1356 1361 educero,quibusacqua-

256 1351 310 1405 seri
322 1352 436 1405 debeat.
470 1350 578 1403 Eodem
589 1348 796 1419 quodammodo
817 1350 858 1402 les
878 1349 921 1401 sui
944 1350 980 1403 ad
1002 1356 1110 1403 rectum
1132 1356 1206 1404 vitae
1229 1351 1354 1421 artisque

277 1419 381 1473 ertinet
389 1418 478 1487 Epist.
489 1418 511 1470 I.
520 1417 555 1486 4.,
576 1434 631 1488 qua
642 1417 741 1487 quanti
750 1416 797 1469 Ti·
837 1417 945 1471 ceticae
968 1417 1101 1471 iudicium
1123 1419 1353 1487 perducerentur.

255 1437 366 1540 bullum
383 1486 473 1539 faciat
494 1491 523 1539 et
545 1503 600 1555 quo
620 1501 715 1539 amore
734 1501 797 1538 eum
817 1434 919 1554 inquo
937 1492 1072 1555 quantum
1085 1494 1221 1541 venustae
1241 1489 1354 1558 elegan-

257 1556 454 1624 amplectatur,
473 1554 513 1607 ita
524 1555 659 1621 declarat,
678 1553 797 1606 utillum
817 1552 873 1607 tiae
885 1561 1024 1622 cernatur,
1039 1555 1084 1607 vix
1095 1555 1197 1609 attinet
1211 1556 1354 1625 copiosius

257 1624 340 1676 simul
359 1623 500 1676 advitam
518 1622 591 1676 laete
614 1621 797 1691 hilariterque
818 1622 1019 1676 demonstrare.
1055 1623 1128 1677 Nam
1147 1641 1232 1693 quum
1251 1625 1354 1693 episto-

256 1692 407 1745 fruendam
417 1691 588 1744 cohortetur.
623 1689 718 1760 Atque
731 1688 798 1741 huie
818 1691 906 1742 larum
926 1697 1091 1759 argumenta
1109 1691 1163 1745 ista
1181 1692 1290 1746 rationo
1305 1694 1354 1746 du·

258 1759 419 1813 simillimae
438 1766 503 1811 sunt
518 1758 602 1811 etiam
611 1759 758 1827 Epistulae
772 1758 797 1811 8.
817 1758 928 1826 pliciter
938 1760 1093 1827 spectanda
1103 1759 1167 1827 sint,
1179 1761 1317 1881 siquidem
1328 1768 1356 1815 et

256 1835 285 1881 et
293 1829 318 1881 9.
329 1827 397 1880 libri
406 1827 496 1896 primi.
531 1827 592 1880 Iam
606 1844 673 1880 vero
688 1827 760 1880 haec
775 1825 799 1877 si
818 1827 855 1879 ad
873 1826 959 1879 vitam
976 1827 1117 1881 hominum
1137 1835 1166 1881 et
1184 1846 1201 1882 a
1244 1829 1354 1882 virtutis

255 1912 320 1950 vere
332 1901 400 1948 sunt
408 1895 611 1962 animadversa,
623 1901 733 1964 sponte,
741 1893 798 1963 opi·
817 1894 863 1947 vel
873 1895 940 1947 artis
951 1896 1087 1949 rationem
1097 1896 1266 1963 referuntur,
1285 1898 1354 1951 mira

255 1981 317 2031 nor,
332 1964 516 2033 intelligetur,
534 1964 671 2031 epistolas
685 1962 799 2016 Horatii
817 1963 883 2016 inde
892 1963 1023 2031 profecto
1034 1964 1122 2017 oritur
1136 1965 1272 2035 cuiusque
1286 1983 1353 2033 poo-

256 2049 324 2086 sane
349 2032 386 2085 ab
409 2031 497 2100 ipsius
520 2032 613 2084 satiris
632 2037 796 2101 argumento
817 2030 899 2084 matis
913 2032 1014 2101 gratia,
1035 2050 1091 2102 qua
1104 2032 1257 2100 legentium
1271 2034 1354 2086 animi

257 2118 308 2154 suo
323 2100 501 2170 aliquantum
510 2098 630 2167 differre,
648 2106 679 2152 ut
693 2099 798 2152 frustra
817 2099 895 2153 vario
906 2116 940 2152 ae
953 2100 1102 2169 multiplici
1115 2101 1199 2153 modo
1211 2101 1354 2155 oblecten-

255 2169 371 2235 fuerint,
393 2169 440 2237 qui
458 2168 513 2220 hoc
531 2168 644 2221 nomine
663 2173 797 2222 utrarum-
817 2169 1355 2238 tur,mulce·anturacteneanturprorsus

257 2254 312 2307 que
327 2237 480 2289 discrimen
499 2236 586 2289 ullum
604 2236 733 2290 obtinere
749 2253 797 2289 ne·
816 2243 993 2290 necesseest.
1005 2235 1354 2307 Seddehocquidempoe·

257 2309 386 2374 garentl
422 2304 497 2367 Quid
515 2304 591 2373 quod
605 2305 660 2357 hac
674 2304 702 2356 in
717 2310 798 2373 parte
817 2310 863 2358 tae
873 2303 993 2358 artificio
1003 2306 1102 2373 paucis
1117 2305 1260 2360 monuisse
1276 2304 1353 2359 suffi-

256 2372 797 2442 velsatiraeillae,quaohabentlllaece-
818 2373 1354 2445 ciet.Intelleximusigiturexiis,quac

258 2439 626 2511 natisalloquutionemideo
649 2441 797 2510 ucepisto·
817 2442 956 2494 hactenus
967 2442 1110 2510 disputata
1126 2449 1199 2509 sunt,
1220 2444 1354 2513 epistola-

257 2510 292 2561 lis
302 2509 436 2563 videntur
450 2508 616 2576 simillimae,
628 2459 686 2563 gat.
697 2510 719 2562 1.
735 2511 758 2562 l.
770 2514 799 2563 et
811 2527 877 2563 rum
886 2509 1105 2563 Horatianarum
1115 2528 1166 2580 pro
1188 2512 1259 2565 rium
1269 2518 1354 2581 atque

258 2578 385 2645 Satio,
397 2578 434 2630 ab
444 2577 543 2630 harum
551 2576 796 2648 rationealiquan·
817 2578 926 2647 privum
940 2595 1003 2632 esse
1017 2579 1081 2646 hoc,
1101 2596 1156 2649 quo
1192 2580 1269 2633 iniis
1286 2598 1354 2649 poe·
1440 2626 1442 2629 ,

257 2653 317 2699 tum
331 2646 466 2700 recedere
482 2644 683 2700 existimandae
694 2652 767 2699 sunt.
816 2654 863 2700 tae
878 2646 982 2700 iudicia
997 2648 1032 2701 de
1051 2648 1135 2701 rebus
1149 2649 1305 2702 moralibus
1321 2666 1355 2702 ae

282 2714 345 2768 Iam
367 2730 435 2767 vero
458 2714 513 2767 hoc
537 2731 622 2783 quum
644 2722 746 2783 poetae
769 2716 797 2768 in
817 2715 973 2779 litterariis,
987 2715 1077 2785 iisque
1092 2716 1210 2770 maxime
1224 2717 1354 2786 poeticis,

258 2782 410 2837 exarandis
441 2781 484 2834 his
517 2782 687 2836 carminibus
714 2783 799 2837 fuerit
817 2783 962 2853 epistolari
981 2784 1071 2837 forma
1089 2790 1174 2854 atque
1194 2785 1288 2853 specie
1326 2803 1354 2838 a·

257 2851 446 2920 propositum,
465 2855 498 2902 ut
511 2868 576 2903 suas
591 2850 681 2929 ipsius
695 2852 798 2906 devita
816 2853 873 2905 lam
899 2852 1083 2920 proteruntur
1106 2861 1135 2906 et
1156 2853 1268 2922 poetice
1291 2804 1353 2906 iliu-

258 2925 345 2990 atque
359 2918 517 2971 litterarum
531 2919 630 2971 studiis
649 2919 797 2988 opiniones
817 2926 949 2973 strantur.

257 3005 291 3040 ac
309 2985 417 3039 iudicia
435 2995 612 3055 expromeret
629 2994 733 3041 etcum
748 3005 797 3058 po·
842 2989 913 3041 Inde
923 3006 990 3042 vero
1002 2988 1086 3041 etiam
1096 2988 1169 3042 aliae
1184 2988 1295 3041 illarum
1306 2990 1354 3042 do-

257 3054 407 3125 pularibus
417 3054 474 3107 suis
489 3054 720 3123 communicaret,
739 3064 797 3110 tum
816 3056 1355 3125 tesacvirtutesfacilinegotioiudicari

256 3122 478 3193 prudentissime
509 3140 571 3176 earn
603 3124 711 3194 delegit
740 3125 797 3178 illis
817 3125 1017 3194 aestimarique
1027 3130 1168 3192 poterunt.
1178 3123 1290 3177 Etenim
1299 3141 1354 3176 om-

258 3191 385 3261 speciem
403 3197 489 3260 atque
508 3191 640 3260 formam,
659 3210 732 3261 quae
750 3193 797 3247 isti
816 3211 864 3248 nes
871 3199 944 3247 certe
952 3190 1355 3246 consentiuntetiammaiorem

257 3259 380 3313 consilio
396 3276 480 3339 quam
493 3260 612 3313 maxime
626 3261 796 3315 conveniret.
818 3263 959 3333 quandam
968 3260 1063 3313 inillis
1072 3259 1189 3328 reperiri
1200 3259 1354 3326 lenitatem,

257 3329 362 3397 Itaque
368 3344 496 3448 ¹primum
514 3327 628 3397 quidem
645 3328 680 3382 iis
694 3330 797 3399 episto·
816 3330 1067 3396 mansuetudinem,
1079 3328 1267 3381 urbanitatem
1278 3328 1355 3381 deni-

259 3399 351 3450 larum
382 3412 487 3449 ormam
505 3396 613 3449 tribuit.
648 3397 799 3467 Inscripsit
838 3417 882 3467 ue,
902 3415 984 3468 quam
1003 3397 1032 3451 in
1051 3395 1145 3450 satiris
1164 3414 1298 3465 expressa
1311 3396 1356 3449 sit.

257 3464 336 3519 enim
359 3463 471 3533 singula
489 3464 608 3533 singulis
626 3464 796 3534 hominibus,
816 3489 818 3496 ,
845 3466 964 3535 empein
978 3465 1021 3519 his
1036 3466 1160 3534 carpitur
1173 3464 1233 3519 fere
1247 3482 1356 3517 morum

258 3533 428 3603 quibuscum
439 3531 535 3601 aliqua
545 3532 712 3587 coniunctus
723 3542 799 3588 esset
818 3536 1028 3605 studiorumque
1045 3534 1231 3603 perversitas,
1249 3534 1356 3587 ridetur

257 3599 478 3665 necessitudine,
490 3618 552 3653 eum
562 3600 653 3670 iisque
668 3603 702 3656 de
712 3604 798 3656 rebus
817 3603 916 3656 lubido
944 3610 973 3656 et
999 3619 1149 3672 pravorum
1174 3601 1355 3655 consiliorum

257 3670 297 3723 ad
312 3667 529 3735 disceptandum
544 3669 661 3722 delectis
679 3671 719 3725 ita
732 3688 797 3724 con·
818 3670 952 3736 stultitia,
969 3670 1170 3740 perstringitur
1179 3670 1301 3740 donique
1312 3686 1353 3722 er·

258 3736 407 3790 fabulatus
422 3741 473 3804 est,
492 3742 524 3788 ut
538 3737 660 3805 speciem
669 3755 798 3792 verarum
817 3756 912 3793 rorum
922 3745 951 3792 et
959 3738 1091 3791 vitiorum
1101 3738 1256 3808 turpitudo.
1271 3738 1355 3801 Quod

258 3805 445 3874 epistolarum
483 3820 531 3857 rae
555 3821 585 3858 se
608 3805 722 3859 ferrent.
765 3807 799 3860 In
819 3825 988 3878 quamquam
1015 3825 1072 3860 non
1098 3806 1132 3859 fit
1161 3807 1295 3859 iracunde
1327 3811 1356 3857 et

259 3889 318 3942 quo
345 3887 428 3925 nemo
472 3871 603 3940 ubitabit,
621 3874 688 3943 quin
714 3874 798 3929 etiam
818 3875 934 3942 acerbe,
951 3876 1001 3928 sed
1018 3875 1115 3929 iocose
1134 3881 1219 3944 atque
1237 3874 1354 3937 urbane,

257 3941 428 4019 prudentem
435 3940 592 3993 cautionem
601 3945 630 3993 in
641 3942 799 4011 deligendis
817 3950 912 3997 tamen
922 3943 1142 4011 omniadenique
1154 3938 1355 4008 adcastigandi

256 4009 293 4061 ris
304 4008 475 4075 adhibuerit,
486 4009 522 4061 ad
533 4025 605 4077 quos
614 4009 684 4063 istas
695 4011 798 4080 episto·
818 4012 985 4081 ridendique
1013 4012 1159 4064 consilium
1186 4009 1354 4062 referuntur.

258 4079 302 4130 las
314 4093 382 4129 suas
391 4074 474 4129 misit.
501 4076 565 4129 Hoc
575 4083 669 4131 autem
679 4078 798 4133 artificio
818 4075 857 4133 In'
866 4080 923 4132 illis
938 4085 1036 4132 eontra
1048 4085 1134 4146 poeta
1147 4078 1193 4130 vol
1208 4092 1314 4129 comem
1325 4091 1355 4126 se

257 4144 456 4199 sollertissime
475 4162 542 4198 sane
561 4147 722 4215 excogitato
740 4152 798 4201 rur-
818 4156 946 4217 praestat
955 4147 1066 4199 virtutis
1076 4145 1240 4213 magistrum
1250 4143 1295 4195 vel
1305 4143 1353 4196 be-

259 4231 309 4267 sus
327 4212 400 4264 illud
423 4218 467 4265 est
488 4220 694 4284 consequutus,
723 4218 799 4285 quod
819 4216 913 4270 nevoli
924 4215 1006 4269 amici
1019 4219 1116 4284 partes
1130 4212 1199 4281 agit,
1214 4212 1259 4264 rol
1270 4210 1355 4264 etiam

257 4282 345 4337 etiam
364 4281 392 4332 in
407 4280 502 4333 multis
517 4281 579 4333 odis
594 4282 630 4334 ab
646 4300 679 4336 eo
695 4283 799 4337 factum
818 4283 963 4338 familiaris
978 4282 1097 4336 alieuius
1110 4297 1261 4349 personam
1275 4279 1355 4331 susti·

261 4357 315 4416 est,
332 4354 364 4401 ut
379 4349 483 4416 duplex
501 4348 560 4403 fere
578 4351 753 4419 propositum
771 4354 799 4406 in
818 4360 876 4421 net,
896 4354 942 4421 qui
959 4369 1021 4405 cum
1035 4350 1097 4403 aliis
1113 4350 1147 4402 de
1165 4348 1251 4402 variis
1268 4349 1354 4401 rebus

255 4431 469 4493 Tffiffffi,
484 4455 553 4493 Lecti.
570 4457 661 4496 Vanum.
676 4469 697 4505 p,
713 4458 737 4495 ,4
752 4469 798 4507 sqq,
819 4421 941 4475 suaviter
972 4419 1155 4498 hilariterque
1191 4417 1354 4471 confabula-

257 4505 717 4558 etstanso:Nschuiigezusmzerp.481.
818 4496 870 4542 tur.
902 4489 1002 4557 Itaque
1014 4486 1192 4541 manifestum
1202 4503 1264 4540 esse
1274 4491 1352 4555 puta-
