3225 5442
431 736 493 800 132
764 741 1129 811 Q.HORAT11FLAGCI

363 930 410 977 115
428 929 486 971 nec
503 906 607 969 vincet
623 904 702 968 ratio
719 903 793 980 hoc,
813 903 1007 966 tantumdem
1024 910 1060 964 ut
1076 912 1190 986 peccet
1208 903 1352 987 idemque

429 1001 483 1085 qui
500 1010 622 1064 teneros
640 998 745 1062 caules
764 997 858 1061 alieni
875 995 1005 1081 fregerit
1020 995 1112 1073 horti,

428 1095 531 1178 etqui
548 1102 719 1157 nocturnus
738 1114 827 1156 sacra
844 1092 951 1155 divum
969 1091 1088 1176 legerit.
1109 1091 1194 1155 adsit

427 1189 550 1274 regula,
569 1187 706 1272 pcccatis
724 1208 805 1269 quac
823 1208 941 1269 poenas
959 1185 1075 1269 irroget
1092 1207 1224 1269 aequas,

427 1307 467 1348 nc
486 1283 603 1347 scutica
622 1282 752 1366 dignum
769 1280 909 1344 horribili
928 1288 1045 1344 sectere
1063 1279 1201 1365 flagello.

362 1400 409 1445 120
426 1401 500 1441 narn
517 1385 553 1439 ut
569 1376 670 1439 ferula
687 1375 799 1439 caedas
817 1374 962 1445 meritum
980 1374 1098 1438 maiora
1116 1373 1225 1439 subire

426 1471 570 1546 verbera,
588 1493 650 1533 non
668 1491 790 1543 vereor,
810 1489 908 1551 quum
925 1468 1011 1531 dicas
1030 1489 1100 1531 esse
1117 1489 1213 1552 pares
1232 1490 1283 1532 res

426 1565 510 1628 furta
526 1564 695 1628 latrociniis
714 1573 746 1626 et
763 1563 886 1648 magnis
904 1585 1002 1646 parva
1019 1562 1147 1627 mineris

427 1658 507 1723 falce
525 1659 697 1722 recisurum
716 1658 809 1721 simili
827 1667 871 1733 te,
892 1657 919 1720 si
936 1650 993 1720 tibi
1010 1678 1143 1741 regnum

425 1752 605 1837 permittant
622 1751 774 1815 homines.
795 1751 822 1814 si
840 1751 942 1827 dives,
962 1750 1015 1833 qui
1034 1750 1160 1835 sapiens
1178 1761 1239 1828 est,

361 1865 408 1913 125
427 1856 458 1909 et
476 1856 561 1910 sutor
579 1845 679 1909 bonus
699 1855 729 1908 et
748 1843 834 1908 solus
853 1844 1010 1907 formosus
1029 1852 1060 1906 et
1077 1852 1126 1907 est
1143 1866 1216 1922 rex3

426 1962 481 2003 cur
498 1949 588 2024 optas
606 1939 691 2022 quod
708 1938 827 2002 habes?
846 1960 929 2016 „non
946 1937 1041 2014 nosti,
1061 1938 1138 2021 quid
1154 1942 1282 2021 pater,“
1301 1937 1401 2021 inquit,

428 2032 647 2118 „Chrysippus
666 2033 763 2097 dicat:
782 2032 908 2117 sapiens
927 2031 1068 2117 crepidas
1088 2030 1148 2095 sibi
1166 2054 1330 2115 nunquam

426 2150 484 2192 nec
502 2128 603 2192 soleas
622 2128 710 2203 fecit;
730 2137 817 2191 sutor
834 2136 939 2191 tamen
957 2135 1006 2191 est
1023 2126 1179 2211 sapiens.“
1199 2127 1276 2210 qui?

428 2231 482 2301 „ut
499 2222 642 2305 quamvis
661 2231 742 2285 tacet
760 2220 995 2306 Hermogenes,
1015 2230 1121 2283 cantor
1139 2229 1248 2283 tamen
1266 2229 1358 2304 atque

360 2335 409 2382 130
427 2316 563 2400 optimus
582 2325 630 2379 est
647 2314 836 2392 modulator3
854 2325 889 2378 ut
906 2313 1042 2378 Alfenus
1061 2314 1163 2391 vafer,
1182 2315 1271 2378 omni

426 2409 547 2473 abiecto
565 2409 768 2473 instrumento
787 2409 861 2472 artis
880 2408 1049 2491 clausaque
1066 2406 1206 2484 taberna,

426 2512 533 2566 tonsor
551 2513 630 2580 erat3
650 2502 774 2587 sapiens
793 2502 896 2587 operis
915 2502 961 2567 sie
979 2502 1114 2586 optimus
1133 2501 1237 2565 omnis

427 2606 474 2660 est
492 2597 598 2682 opifex
617 2596 716 2673 solus,
736 2597 782 2660 sie
798 2600 885 2660 rex.“
904 2635 946 2642 -
963 2594 1082 2659 vellunt
1100 2594 1156 2659 tibi
1174 2593 1309 2659 barbam

425 2690 535 2754 lasciii
552 2691 641 2775 pueri
647 2716 655 2768 3
675 2713 754 2773 quos
773 2699 808 2753 tu
825 2690 886 2754 nisi
903 2690 987 2754 fuste
1005 2711 1140 2766 coerceo,

360 2805 407 2852 135
425 2785 546 2869 urgeris
565 2784 656 2848 turba
674 2784 791 2847 circum
810 2794 840 2847 te
859 2792 975 2861 stante,
993 2783 1149 2865 miserque

424 2878 578 2962 rumperis
597 2888 628 2941 et
645 2878 755 2954 latras,
775 2900 961 2962 magnorum
978 2876 1113 2941 maxime
1125 2873 1255 2962 regum.

424 2995 464 3035 nc
481 2973 610 3057 longum
628 2972 757 3036 faciam:
777 2972 852 3035 dum
870 2972 904 3034 tu
922 2972 1093 3054 quadrante
1110 2969 1251 3034 lavatum

424 3089 480 3129 rex
498 3066 571 3142 ibis,
591 3088 692 3148 neque
710 3075 741 3129 te
759 3065 926 3149 quisquam
944 3065 1075 3150 stipator
1090 3064 1233 3148 ineptum

424 3169 547 3245 praeter
565 3158 746 3243 Crispinum
765 3159 948 3235 sectabitur,
968 3158 1092 3222 etmihi
1110 3157 1218 3221 dulces

360 3274 407 3321 140
425 3255 602 3339 ignoscent,
623 3254 649 3317 si
667 3253 744 3335 quid
760 3275 893 3337 peccaro
913 3253 1039 3328 stultus,
1059 3251 1161 3328 amici,

424 3349 519 3431 inque
536 3349 637 3412 vicem
655 3348 778 3411 illorum
795 3346 897 3432 patiar
914 3347 1026 3411 delicta
1043 3347 1184 3423 libenter,

424 3443 627 3527 privatusque
645 3442 746 3528 magis
764 3442 869 3505 rivam
887 3450 918 3505 te
934 3464 1009 3528 rege
1027 3441 1147 3505 beatus.

810 3684 990 3745 SATIRA
1012 3686 1071 3744 IV.

426 3815 557 3900 Eupolis
577 3824 670 3900 atque
690 3816 837 3881 Cratinus
856 3814 1147 3902 Aristophanesque
1164 3823 1289 3901 poetae,

424 3920 518 3993 atque
536 3910 589 3973 alii
606 3933 739 3993 quorum
757 3911 920 3974 comoedia
936 3911 1040 3995 prisca
1056 3910 1195 3973 virorum
1214 3918 1274 3987 est,

425 4003 452 4066 si
469 4003 539 4087 quis
559 4014 624 4068 erat
642 4005 756 4090 dignus
775 4004 924 4080 describi,
944 4004 1028 4087 quod
1046 4003 1147 4066 malus
1166 4011 1221 4066 aut
1238 4001 1302 4080 fur,

424 4098 509 4180 quod
527 4097 675 4162 moechus
694 4098 775 4161 foret
792 4107 847 4161 aut
865 4098 994 4161 sicarius
1013 4106 1067 4161 aut
1084 4096 1201 4179 alioqui

391 4212 405 4258 5
424 4192 579 4269 famosus,
599 4191 697 4255 multa
715 4214 786 4255 cum
803 4190 945 4255 libertate
963 4191 1122 4255 notabant.

423 4284 496 4349 hinc
515 4286 615 4350 omnis
634 4285 750 4370 pendet
766 4284 926 4362 Lucilius,
945 4284 1041 4348 hosce
1060 4293 1221 4366 sequutus,
1288 4360 1292 4365 .

424 4379 550 4442 mutatis
568 4389 688 4442 tantum
706 4378 839 4463 pedibus
858 4380 1071 4462 numerisque:
1089 4378 1222 4456 facetus,

424 4481 587 4536 emunctae
605 4473 703 4551 naris3
722 4474 818 4539 durus
838 4496 1023 4560 componere
1040 4496 1160 4547 versus.
