3225 5442
635 683 668 748 Q.
684 680 850 738 HORATII
862 682 1007 738 FLACCI

677 946 876 1007 GARMEN
897 948 960 1007 IX.

619 1091 675 1140 nn
697 1090 1022 1140 MAECENATEM.

392 1215 529 1299 Quando
546 1227 706 1301 repostum
725 1214 910 1279 Caecubum
928 1216 970 1281 ad
987 1216 1089 1283 festas
1108 1220 1202 1305 dapes

433 1310 550 1375 victore
567 1309 668 1373 laetus
687 1306 825 1373 Caesare

390 1414 494 1468 tecum
513 1402 572 1468 sub
590 1402 653 1466 alta
670 1440 712 1449 —
731 1401 777 1466 sio
793 1402 864 1467 Iovi
880 1412 1006 1489 gratum
1026 1444 1069 1452 —
1087 1407 1189 1483 domo,

432 1496 523 1561 beate
541 1496 726 1572 Maecenas,
744 1495 861 1573 bibam,

390 1600 520 1656 sonante
539 1591 671 1654 mixtum
689 1590 773 1655 tibiis
791 1611 917 1655 carmen
933 1590 1011 1676 lyra,

342 1683 344 1688 ’
432 1685 492 1750 hae
509 1685 662 1762 Dorium,·
677 1685 739 1750 illis
756 1683 945 1749 barbarum?

390 1788 426 1842 ut
442 1801 555 1865 nuper,
574 1788 662 1843 actus
681 1800 754 1842 oum
770 1777 853 1842 freto
869 1778 1049 1863 Neptunius

432 1871 498 1936 dux
516 1872 611 1958 fugit,
629 1872 709 1937 ustis
726 1871 871 1949 navibus,

390 1966 526 2029 minatus
544 1965 615 2029 urbi
632 1964 749 2044 vincla,
767 1987 848 2050 quae
867 1965 1045 2032 detraxerat

433 2059 531 2124 servis
550 2059 669 2124 amicus
687 2059 823 2145 perfidis.

390 2153 567 2230 Romanus,
586 2152 681 2217 eheui
700 2192 742 2201 —
759 2154 878 2239 posteri
894 2155 1053 2241 negabitis
1072 2196 1112 2203 -

433 2247 647 2331 emancipatus
665 2247 812 2324 feminae,

390 2341 451 2405 fert
468 2341 585 2405 vallum
603 2350 634 2404 ot
651 2365 739 2405 arma
754 2341 859 2419 miles,
879 2352 910 2407 et
928 2344 1121 2428 spadonibus

433 2434 549 2498 servire
566 2434 690 2519 rugosis
707 2443 824 2519 potest3

390 2528 531 2611 interque
550 2528 641 2613 signa
658 2536 748 2613 turpe
766 2528 911 2594 militaria

434 2621 482 2685 sol
499 2620 633 2706 adspicit
650 2622 828 2707 conopium.

392 2715 433 2780 ad
450 2714 529 2779 haec
545 2715 713 2780 frementes
731 2725 891 2781 verterunt
908 2717 956 2783 bis
975 2718 1061 2783 mille
1080 2741 1177 2802 equos

435 2806 520 2873 Galli
537 2817 684 2873 canentes
704 2807 884 2888 Caesarem,
930 2889 933 2895 .

392 2901 615 2984 hostiliumque
632 2901 760 2966 navium
776 2914 870 2988 portu
886 2904 984 2969 latent

435 3017 558 3081 puppes
578 2996 790 3061 sinistrorsum
809 2997 897 3061 citae.

390 3089 420 3153 io
439 3088 625 3175 Triumphei
646 3099 680 3153 tu
697 3090 827 3155 moraris
846 3098 956 3156 aureos

433 3204 542 3247 currus
561 3192 592 3247 et
609 3183 742 3247 intactas
759 3182 877 3249 boves?

325 3334 327 3337 ,
391 3276 422 3341 ἰο
440 3275 628 3362 Triumphe!
645 3298 705 3340 neo
721 3277 909 3363 Iugurthino
926 3300 1034 3364 parem

434 3369 517 3433 bello
534 3370 699 3454 reportasti
718 3370 840 3448 ducem,
869 3395 873 3403 ·

254 3513 268 3529 .
390 3484 492 3545 neque
509 3462 712 3541 Africanum,
731 3464 781 3527 cui
800 3488 895 3549 super
912 3464 1138 3553 Carthaginem

433 3556 531 3619 virtus
546 3556 727 3641 sepulcrum
745 3558 892 3623 condidit.

390 3656 472 3711 terra
489 3650 628 3733 marique
647 3651 747 3715 victus
765 3651 865 3717 hostis
883 3652 1004 3718 Punico

433 3741 567 3826 lugubre
585 3745 718 3807 mutavit
735 3767 862 3830 sagum;

391 3845 446 3899 aut
461 3836 514 3900 ille
532 3848 657 3902 centum
674 3837 812 3903 nobilem
831 3839 959 3906 Cretam
976 3840 1118 3919 urbibus,

434 3932 535 3996 ventis
553 3933 654 3997 iturus
672 3955 735 3997 non
754 3933 834 4011 suis3

393 4025 576 4090 exercitatas
595 4037 650 4091 aut
665 4026 743 4112 petit
763 4024 873 4111 Syrtes
890 4028 983 4105 Noto,

435 4129 489 4183 aut
505 4119 605 4185 fertur
622 4118 739 4185 incerto
758 4121 845 4185 mari.

392 4213 569 4297 capaciores
588 4215 667 4279 affer
682 4214 760 4291 huc,
778 4237 871 4299 puer,
891 4215 1027 4301 scyphos

434 4317 465 4368 et
484 4305 566 4371 Chia
582 4309 656 4373 vina
673 4317 727 4373 aut
744 4308 874 4387 Lesbia,

392 4395 456 4472 vel,
475 4400 560 4480 quod
578 4400 725 4466 fluentem
743 4424 894 4468 nauscam
912 4412 1063 4480 coerceat,
