3225 5442
453 733 660 791 CARMINUM
677 734 751 789 LIB.
766 736 803 790 ΙΙ.

497 1006 694 1067 OARMEN
715 1006 758 1064 V.

381 1150 433 1199 An
452 1148 666 1235 sunronnu
683 1147 868 1198 nannons.

282 1275 429 1339 Nondum
447 1274 578 1339 subacta
595 1273 676 1338 ferre
693 1274 802 1360 iugum
821 1275 904 1339 valet
950 1269 952 1275 ’

283 1368 416 1444 cervice,
434 1368 573 1432 nondum
591 1367 698 1431 munia
714 1368 869 1454 comparis

325 1483 472 1544 aequare,
491 1482 550 1525 nec
567 1460 648 1524 tauri
665 1460 783 1524 ruentis

366 1555 399 1616 in
415 1553 572 1618 Venerem
590 1553 721 1618 tolerare
737 1555 871 1639 pondus.

282 1692 516 1756 circa'virentes
534 1701 583 1757 est
600 1692 722 1756 animus
740 1702 812 1756 tuae

282 1807 408 1869 campos
426 1785 592 1862 iuvencae,
610 1808 694 1849 nuno
711 1786 815 1850 fluviis
832 1808 961 1872 gravem

324 1878 451 1944 solantis
470 1888 592 1944 aestum
597 1926 606 1956 ‚
625 1879 758 1943 nuncin
775 1879 838 1944 udo

365 1971 471 2037 ludere
490 1994 562 2036 cum
579 1971 685 2036 vitulis
703 1972 813 2037 salicto

281 2107 528 2193 praegestientis.
548 2106 620 2171 tolle
638 2107 817 2192 cupidinem

280 2201 407 2265 immitis
425 2222 521 2278 uvae;
539 2200 601 2264 iam
620 2200 677 2265 tibi
694 2200 806 2265 lividos

322 2294 493 2379 distinguet
510 2302 679 2358 autumnus
696 2316 837 2359 racemos

364 2409 521 2471 purpureo
538 2386 645 2451 varius
664 2384 776 2452 colore.

279 2525 341 2587 iam
359 2534 389 2588 te
408 2534 568 2607 sequetur3
586 2524 681 2589 currit
699 2524 782 2588 enim
799 2524 889 2588 ferox

279 2626 378 2693 aetas,
398 2626 429 2680 et
445 2616 504 2694 illi,
523 2637 603 2699 quos
622 2617 677 2682 tibi
695 2618 874 2703 dempserit,

321 2720 456 2795 apponet
474 2733 588 2789 annos3
607 2711 669 2775 iam
686 2721 832 2797 proterva

362 2804 465 2869 fronte
482 2813 567 2889 petet
584 2805 707 2891 Lalage
725 2805 881 2882 maritum,
939 2835 940 2838 ¹

279 2940 405 3016 dilecta,
425 2949 576 3023 quantum
594 2963 658 3004 non
675 2940 796 3005 Pholoe
814 2942 923 3027 fugax,

278 3056 341 3097 non
359 3033 484 3098 Chloris
503 3034 574 3098 albo
592 3036 638 3098 sic
655 3035 785 3100 humero
803 3036 915 3111 nitens,

320 3137 355 3191 ut
372 3150 451 3212 pura
468 3137 619 3193 nocturno
637 3130 759 3193 renidet

361 3219 436 3284 luna
452 3222 531 3284 mari
550 3221 745 3305 Cnidiusque
763 3220 889 3307 Gyges3

278 3378 371 3439 quem
389 3358 416 3421 si
433 3358 608 3442 puellarum
625 3361 777 3425 insereres
796 3361 901 3437 choro,

278 3450 354 3514 mire
373 3474 503 3537 sagaces
521 3453 643 3518 falleret
660 3452 800 3538 hospites

321 3544 488 3609 discrimen
506 3545 674 3611 obscurum
692 3548 802 3611 solutis

362 3640 500 3706 crinibus
519 3641 729 3727 ambiguoque
747 3642 845 3707 vultu.

483 3899 681 3960 OARMEN
701 3902 759 3961 VI.

453 4043 508 4092 an
534 4045 789 4096 suerranum,

258 4159 405 4247 Septimi,
426 4164 533 4231 Gades
551 4168 672 4232 aditure
689 4190 814 4234 mecum
832 4177 864 4231 et

257 4255 451 4323 Cantabrum
469 4261 629 4326 indoctum
646 4263 721 4348 iuga
738 4263 819 4327 ferre
837 4270 944 4327 nostra
961 4271 993 4325 et

255 4348 404 4417 barbaras
424 4351 549 4437 Syrtes,
567 4355 622 4420 ubi
639 4355 753 4421 Maura
771 4378 895 4441 semper

319 4453 441 4509 aestuat
458 4448 556 4512 unda:

920 4553 962 4613 3*
