<?xml version="1.0" encoding="UTF-8"?>
<!DOCTYPE html PUBLIC "-//W3C//DTD XHTML 1.0 Transitional//EN"
    "http://www.w3.org/TR/xhtml1/DTD/xhtml1-transitional.dtd">
<html xmlns="http://www.w3.org/1999/xhtml" xml:lang="en" lang="en">
 <head>
  <title>
</title>
<meta http-equiv="Content-Type" content="text/html;charset=utf-8" />
  <meta name='ocr-system' content='tesseract 3.04.00' />
  <meta name='ocr-capabilities' content='ocr_page ocr_carea ocr_par ocr_line ocrx_word'/>
</head>
<body>
  <div class='ocr_page' id='page_1' title='image "./qhoratiiflaccio00stalgoog/qhoratiiflaccio00stalgoog_0065.png"; bbox 0 0 3225 5442; ppageno 0'>
   <div class='ocr_carea' id='block_1_1' title="bbox 625 713 1314 767">
    <p class='ocr_par' dir='ltr' id='par_1_1' title="bbox 625 713 1314 767">
     <span class='ocr_line' id='line_1_1' title="bbox 625 713 1314 767; baseline 0.004 -12"><span class='ocrx_word' id='word_1_1' title='bbox 625 716 653 767; x_wconf 86' lang='lat' dir='ltr'>o.</span> <span class='ocrx_word' id='word_1_2' title='bbox 672 715 793 757; x_wconf 76' lang='lat' dir='ltr'>nonam</span> <span class='ocrx_word' id='word_1_3' title='bbox 810 714 915 756; x_wconf 80' lang='lat' dir='ltr'>macer</span> <span class='ocrx_word' id='word_1_4' title='bbox 1247 713 1314 759; x_wconf 75' lang='lat' dir='ltr'>Lm</span> 
     </span>
    </p>
   </div>
   <div class='ocr_carea' id='block_1_2' title="bbox 238 824 1315 3751">
    <p class='ocr_par' dir='ltr' id='par_1_2' title="bbox 238 824 1315 3751">
     <span class='ocr_line' id='line_1_2' title="bbox 239 824 1315 947; baseline -0.001 -67"><span class='ocrx_word' id='word_1_5' title='bbox 239 824 315 880; x_wconf 71' lang='lat' dir='ltr'>nullo</span> <span class='ocrx_word' id='word_1_6' title='bbox 336 829 402 878; x_wconf 90' lang='lat' dir='ltr'>sunt</span> <span class='ocrx_word' id='word_1_7' title='bbox 419 824 553 879; x_wconf 88' lang='lat' dir='ltr'>elatiores</span> <span class='ocrx_word' id='word_1_8' title='bbox 567 829 653 947; x_wconf 73' lang='lat' dir='ltr'>alqpe</span> <span class='ocrx_word' id='word_1_9' title='bbox 677 841 758 878; x_wconf 88' lang='lat' dir='ltr'>orna-</span> <span class='ocrx_word' id='word_1_10' title='bbox 777 831 850 894; x_wconf 89' lang='lat' dir='ltr'>sunt,</span> <span class='ocrx_word' id='word_1_11' title='bbox 869 826 943 879; x_wconf 89' lang='lat' dir='ltr'>utin</span> <span class='ocrx_word' id='word_1_12' title='bbox 959 827 1210 884; x_wconf 77' lang='lat' dir='ltr'>summavarictate</span> <span class='ocrx_word' id='word_1_13' title='bbox 1223 843 1315 880; x_wconf 87' lang='lat' dir='ltr'>rerum</span> 
     </span>
     <span class='ocr_line' id='line_1_3' title="bbox 238 893 1314 963; baseline 0.001 -16"><span class='ocrx_word' id='word_1_14' title='bbox 238 909 306 948; x_wconf 82' lang='lat' dir='ltr'>ores</span> <span class='ocrx_word' id='word_1_15' title='bbox 326 898 355 946; x_wconf 91' lang='lat' dir='ltr'>et</span> <span class='ocrx_word' id='word_1_16' title='bbox 373 893 542 963; x_wconf 90' lang='lat' dir='ltr'>quibusdam</span> <span class='ocrx_word' id='word_1_17' title='bbox 559 910 609 947; x_wconf 87' lang='lat' dir='ltr'>ver</span> <span class='ocrx_word' id='word_1_18' title='bbox 632 910 710 946; x_wconf 91' lang='lat' dir='ltr'>orum</span> <span class='ocrx_word' id='word_1_19' title='bbox 724 910 757 947; x_wconf 91' lang='lat' dir='ltr'>ac</span> <span class='ocrx_word' id='word_1_20' title='bbox 776 894 845 947; x_wconf 84' lang='lat' dir='ltr'>artis</span> <span class='ocrx_word' id='word_1_21' title='bbox 856 894 950 963; x_wconf 78' lang='lat' dir='ltr'>legum</span> <span class='ocrx_word' id='word_1_22' title='bbox 960 911 1096 948; x_wconf 86' lang='lat' dir='ltr'>memores</span> <span class='ocrx_word' id='word_1_23' title='bbox 1106 901 1253 962; x_wconf 72' lang='lat' dir='ltr'>maneant,</span> <span class='ocrx_word' id='word_1_24' title='bbox 1267 897 1314 948; x_wconf 91' lang='lat' dir='ltr'>de-</span> 
     </span>
     <span class='ocr_line' id='line_1_4' title="bbox 238 960 1314 1043; baseline -0.001 -27"><span class='ocrx_word' id='word_1_25' title='bbox 238 960 423 1016; x_wconf 79' lang='lat' dir='ltr'>antentiarum</span> <span class='ocrx_word' id='word_1_26' title='bbox 449 960 601 1014; x_wconf 86' lang='lat' dir='ltr'>luminibus</span> <span class='ocrx_word' id='word_1_27' title='bbox 624 960 757 1014; x_wconf 90' lang='lat' dir='ltr'>illustrio·</span> <span class='ocrx_word' id='word_1_28' title='bbox 777 961 957 1031; x_wconf 89' lang='lat' dir='ltr'>niqueunum</span> <span class='ocrx_word' id='word_1_29' title='bbox 972 961 1056 1015; x_wconf 89' lang='lat' dir='ltr'>finem</span> <span class='ocrx_word' id='word_1_30' title='bbox 1070 963 1314 1043; x_wconf 86' lang='lat' dir='ltr'>habentproposi-</span> 
     </span>
     <span class='ocr_line' id='line_1_5' title="bbox 238 1029 1315 1101; baseline 0.001 -18"><span class='ocrx_word' id='word_1_31' title='bbox 238 1032 293 1084; x_wconf 76' lang='lat' dir='ltr'>aa.“</span> <span class='ocrx_word' id='word_1_32' title='bbox 316 1029 453 1083; x_wconf 90' lang='lat' dir='ltr'>Nimirum</span> <span class='ocrx_word' id='word_1_33' title='bbox 463 1029 537 1082; x_wconf 86' lang='lat' dir='ltr'>hanc</span> <span class='ocrx_word' id='word_1_34' title='bbox 547 1029 685 1082; x_wconf 91' lang='lat' dir='ltr'>rationem</span> <span class='ocrx_word' id='word_1_35' title='bbox 695 1029 757 1099; x_wconf 91' lang='lat' dir='ltr'>quis</span> <span class='ocrx_word' id='word_1_36' title='bbox 777 1037 849 1096; x_wconf 90' lang='lat' dir='ltr'>tum,</span> <span class='ocrx_word' id='word_1_37' title='bbox 870 1031 906 1082; x_wconf 87' lang='lat' dir='ltr'>ad</span> <span class='ocrx_word' id='word_1_38' title='bbox 926 1047 1008 1099; x_wconf 92' lang='lat' dir='ltr'>quem</span> <span class='ocrx_word' id='word_1_39' title='bbox 1029 1031 1150 1101; x_wconf 88' lang='lat' dir='ltr'>denique</span> <span class='ocrx_word' id='word_1_40' title='bbox 1170 1047 1264 1084; x_wconf 87' lang='lat' dir='ltr'>omma</span> <span class='ocrx_word' id='word_1_41' title='bbox 1281 1048 1315 1084; x_wconf 87' lang='lat' dir='ltr'>ac</span> 
     </span>
     <span class='ocr_line' id='line_1_6' title="bbox 238 1096 1315 1166; baseline -0.001 -13"><span class='ocrx_word' id='word_1_42' title='bbox 238 1098 389 1154; x_wconf 75' lang='lat' dir='ltr'>tndemest</span> <span class='ocrx_word' id='word_1_43' title='bbox 404 1097 471 1166; x_wconf 91' lang='lat' dir='ltr'>quin</span> <span class='ocrx_word' id='word_1_44' title='bbox 486 1096 673 1151; x_wconf 75' lang='lat' dir='ltr'><strong>familiaribus</strong></span> <span class='ocrx_word' id='word_1_45' title='bbox 683 1097 756 1151; x_wconf 86' lang='lat' dir='ltr'>litte·</span> <span class='ocrx_word' id='word_1_46' title='bbox 777 1097 890 1166; x_wconf 87' lang='lat' dir='ltr'>singula</span> <span class='ocrx_word' id='word_1_47' title='bbox 908 1097 948 1150; x_wconf 86' lang='lat' dir='ltr'>ita</span> <span class='ocrx_word' id='word_1_48' title='bbox 966 1098 1134 1166; x_wconf 85' lang='lat' dir='ltr'>referuntur,</span> <span class='ocrx_word' id='word_1_49' title='bbox 1153 1104 1186 1152; x_wconf 92' lang='lat' dir='ltr'>ut</span> <span class='ocrx_word' id='word_1_50' title='bbox 1198 1099 1315 1152; x_wconf 87' lang='lat' dir='ltr'>materia</span> 
     </span>
     <span class='ocr_line' id='line_1_7' title="bbox 238 1164 1314 1237; baseline 0.001 -19"><span class='ocrx_word' id='word_1_51' title='bbox 238 1164 268 1232; x_wconf 80' lang='lat' dir='ltr'>is,</span> <span class='ocrx_word' id='word_1_52' title='bbox 279 1181 397 1235; x_wconf 87' lang='lat' dir='ltr'>quarum</span> <span class='ocrx_word' id='word_1_53' title='bbox 412 1165 535 1232; x_wconf 89' lang='lat' dir='ltr'>speciem</span> <span class='ocrx_word' id='word_1_54' title='bbox 550 1165 689 1234; x_wconf 88' lang='lat' dir='ltr'>epistolae</span> <span class='ocrx_word' id='word_1_55' title='bbox 699 1164 757 1218; x_wconf 88' lang='lat' dir='ltr'>Ho·</span> <span class='ocrx_word' id='word_1_56' title='bbox 777 1182 840 1218; x_wconf 88' lang='lat' dir='ltr'>cum</span> <span class='ocrx_word' id='word_1_57' title='bbox 866 1165 958 1219; x_wconf 84' lang='lat' dir='ltr'>forma</span> <span class='ocrx_word' id='word_1_58' title='bbox 984 1167 1110 1237; x_wconf 86' lang='lat' dir='ltr'>ipsarum</span> <span class='ocrx_word' id='word_1_59' title='bbox 1136 1184 1171 1220; x_wconf 87' lang='lat' dir='ltr'>ac</span> <span class='ocrx_word' id='word_1_60' title='bbox 1192 1166 1314 1219; x_wconf 84' lang='lat' dir='ltr'>vicissim</span> 
     </span>
     <span class='ocr_line' id='line_1_8' title="bbox 238 1232 1314 1303; baseline 0.003 -19"><span class='ocrx_word' id='word_1_61' title='bbox 238 1232 283 1290; x_wconf 75' lang='lat' dir='ltr'>atii</span> <span class='ocrx_word' id='word_1_62' title='bbox 300 1249 368 1301; x_wconf 89' lang='lat' dir='ltr'>prae</span> <span class='ocrx_word' id='word_1_63' title='bbox 388 1232 538 1299; x_wconf 83' lang='lat' dir='ltr'>ecferunt,</span> <span class='ocrx_word' id='word_1_64' title='bbox 556 1234 641 1301; x_wconf 87' lang='lat' dir='ltr'>plane</span> <span class='ocrx_word' id='word_1_65' title='bbox 657 1249 757 1286; x_wconf 91' lang='lat' dir='ltr'>conve·</span> <span class='ocrx_word' id='word_1_66' title='bbox 776 1234 867 1287; x_wconf 85' lang='lat' dir='ltr'>forma</span> <span class='ocrx_word' id='word_1_67' title='bbox 877 1251 939 1286; x_wconf 87' lang='lat' dir='ltr'>cum</span> <span class='ocrx_word' id='word_1_68' title='bbox 949 1234 1067 1288; x_wconf 88' lang='lat' dir='ltr'>materia</span> <span class='ocrx_word' id='word_1_69' title='bbox 1077 1235 1191 1303; x_wconf 83' lang='lat' dir='ltr'>egregie</span> <span class='ocrx_word' id='word_1_70' title='bbox 1198 1251 1314 1287; x_wconf 91' lang='lat' dir='ltr'>consen-</span> 
     </span>
     <span class='ocr_line' id='line_1_9' title="bbox 238 1300 1315 1379; baseline 0.002 -25"><span class='ocrx_word' id='word_1_71' title='bbox 238 1300 344 1355; x_wconf 85' lang='lat' dir='ltr'>lentem</span> <span class='ocrx_word' id='word_1_72' title='bbox 354 1316 415 1353; x_wconf 86' lang='lat' dir='ltr'>esse</span> <span class='ocrx_word' id='word_1_73' title='bbox 426 1300 582 1379; x_wconf 76' lang='lat' dir='ltr'>largiatur?</span> <span class='ocrx_word' id='word_1_74' title='bbox 776 1301 843 1369; x_wconf 90' lang='lat' dir='ltr'>tiat,</span> <span class='ocrx_word' id='word_1_75' title='bbox 870 1306 1007 1373; x_wconf 78' lang='lat' dir='ltr'>creatque</span> <span class='ocrx_word' id='word_1_76' title='bbox 1029 1307 1172 1371; x_wconf 88' lang='lat' dir='ltr'>postremo</span> <span class='ocrx_word' id='word_1_77' title='bbox 1191 1302 1315 1371; x_wconf 85' lang='lat' dir='ltr'>singula·</span> 
     </span>
     <span class='ocr_line' id='line_1_10' title="bbox 242 1366 1314 1440; baseline 0.001 -18"><span class='ocrx_word' id='word_1_78' title='bbox 242 1366 339 1438; x_wconf 79' lang='lat' dir='ltr'>Atque</span> <span class='ocrx_word' id='word_1_79' title='bbox 366 1368 438 1421; x_wconf 91' lang='lat' dir='ltr'>haec</span> <span class='ocrx_word' id='word_1_80' title='bbox 466 1386 490 1420; x_wconf 86' lang='lat' dir='ltr'>sr</span> <span class='ocrx_word' id='word_1_81' title='bbox 511 1374 587 1423; x_wconf 92' lang='lat' dir='ltr'>rectc</span> <span class='ocrx_word' id='word_1_82' title='bbox 613 1368 757 1437; x_wconf 86' lang='lat' dir='ltr'>disputata</span> <span class='ocrx_word' id='word_1_83' title='bbox 775 1387 838 1421; x_wconf 90' lang='lat' dir='ltr'>rum</span> <span class='ocrx_word' id='word_1_84' title='bbox 855 1369 942 1423; x_wconf 90' lang='lat' dir='ltr'>veluti</span> <span class='ocrx_word' id='word_1_85' title='bbox 967 1386 1070 1438; x_wconf 89' lang='lat' dir='ltr'>corpus</span> <span class='ocrx_word' id='word_1_86' title='bbox 1094 1370 1211 1440; x_wconf 86' lang='lat' dir='ltr'>aliquod</span> <span class='ocrx_word' id='word_1_87' title='bbox 1229 1387 1314 1423; x_wconf 87' lang='lat' dir='ltr'>venu-</span> 
     </span>
     <span class='ocr_line' id='line_1_11' title="bbox 238 1436 1315 1507; baseline 0 -16"><span class='ocrx_word' id='word_1_88' title='bbox 238 1444 298 1505; x_wconf 88' lang='lat' dir='ltr'>unt,</span> <span class='ocrx_word' id='word_1_89' title='bbox 318 1440 393 1489; x_wconf 87' lang='lat' dir='ltr'>certe</span> <span class='ocrx_word' id='word_1_90' title='bbox 413 1436 496 1489; x_wconf 89' lang='lat' dir='ltr'>etiam</span> <span class='ocrx_word' id='word_1_91' title='bbox 515 1438 689 1490; x_wconf 80' lang='lat' dir='ltr'>concedatur</span> <span class='ocrx_word' id='word_1_92' title='bbox 709 1453 757 1490; x_wconf 94' lang='lat' dir='ltr'>ne·</span> <span class='ocrx_word' id='word_1_93' title='bbox 776 1443 859 1505; x_wconf 90' lang='lat' dir='ltr'>stum,</span> <span class='ocrx_word' id='word_1_94' title='bbox 880 1438 956 1506; x_wconf 91' lang='lat' dir='ltr'>quod</span> <span class='ocrx_word' id='word_1_95' title='bbox 974 1439 1121 1507; x_wconf 89' lang='lat' dir='ltr'>praeclaro</span> <span class='ocrx_word' id='word_1_96' title='bbox 1145 1438 1239 1491; x_wconf 89' lang='lat' dir='ltr'>animo</span> <span class='ocrx_word' id='word_1_97' title='bbox 1257 1438 1315 1491; x_wconf 89' lang='lat' dir='ltr'>ani·</span> 
     </span>
     <span class='ocr_line' id='line_1_12' title="bbox 238 1504 1315 1574; baseline -0.002 -14"><span class='ocrx_word' id='word_1_98' title='bbox 238 1520 301 1560; x_wconf 80' lang='lat' dir='ltr'>csse</span> <span class='ocrx_word' id='word_1_99' title='bbox 315 1504 565 1572; x_wconf 87' lang='lat' dir='ltr'>esthaudparvum</span> <span class='ocrx_word' id='word_1_100' title='bbox 575 1505 669 1559; x_wconf 81' lang='lat' dir='ltr'>intere</span> <span class='ocrx_word' id='word_1_101' title='bbox 690 1504 757 1557; x_wconf 90' lang='lat' dir='ltr'>isto·</span> <span class='ocrx_word' id='word_1_102' title='bbox 775 1512 880 1559; x_wconf 91' lang='lat' dir='ltr'>matum</span> <span class='ocrx_word' id='word_1_103' title='bbox 890 1505 1034 1574; x_wconf 82' lang='lat' dir='ltr'>perfectae</span> <span class='ocrx_word' id='word_1_104' title='bbox 1049 1506 1118 1559; x_wconf 87' lang='lat' dir='ltr'>artis</span> <span class='ocrx_word' id='word_1_105' title='bbox 1132 1506 1220 1560; x_wconf 90' lang='lat' dir='ltr'>veluti</span> <span class='ocrx_word' id='word_1_106' title='bbox 1234 1506 1315 1559; x_wconf 90' lang='lat' dir='ltr'>simn-</span> 
     </span>
     <span class='ocr_line' id='line_1_13' title="bbox 238 1572 1033 1641; baseline -0.003 -13"><span class='ocrx_word' id='word_1_107' title='bbox 238 1577 358 1641; x_wconf 69' lang='lat' dir='ltr'>artatque</span> <span class='ocrx_word' id='word_1_108' title='bbox 368 1572 469 1625; x_wconf 88' lang='lat' dir='ltr'>satiras</span> <span class='ocrx_word' id='word_1_109' title='bbox 478 1572 651 1627; x_wconf 88' lang='lat' dir='ltr'>Horatianas</span> <span class='ocrx_word' id='word_1_110' title='bbox 681 1573 757 1626; x_wconf 89' lang='lat' dir='ltr'>iscri·</span> <span class='ocrx_word' id='word_1_111' title='bbox 776 1575 882 1627; x_wconf 91' lang='lat' dir='ltr'>lacrum</span> <span class='ocrx_word' id='word_1_112' title='bbox 893 1574 1033 1628; x_wconf 83' lang='lat' dir='ltr'>exhibeat</span> 
     </span>
     <span class='ocr_line' id='line_1_14' title="bbox 238 1640 1313 1711; baseline 0 -15"><span class='ocrx_word' id='word_1_113' title='bbox 238 1657 285 1696; x_wconf 83' lang='lat' dir='ltr'>rcn</span> <span class='ocrx_word' id='word_1_114' title='bbox 311 1641 500 1708; x_wconf 78' lang='lat' dir='ltr'>intercedere,</span> <span class='ocrx_word' id='word_1_115' title='bbox 528 1641 758 1711; x_wconf 90' lang='lat' dir='ltr'>quandoquidem</span> <span class='ocrx_word' id='word_1_116' title='bbox 803 1640 860 1695; x_wconf 85' lang='lat' dir='ltr'>Sed</span> <span class='ocrx_word' id='word_1_117' title='bbox 874 1642 945 1696; x_wconf 89' lang='lat' dir='ltr'>haec</span> <span class='ocrx_word' id='word_1_118' title='bbox 960 1642 1029 1695; x_wconf 88' lang='lat' dir='ltr'>satis</span> <span class='ocrx_word' id='word_1_119' title='bbox 1045 1647 1126 1695; x_wconf 92' lang='lat' dir='ltr'>sunto</span> <span class='ocrx_word' id='word_1_120' title='bbox 1141 1643 1177 1696; x_wconf 90' lang='lat' dir='ltr'>de</span> <span class='ocrx_word' id='word_1_121' title='bbox 1190 1642 1313 1696; x_wconf 89' lang='lat' dir='ltr'>necessi-</span> 
     </span>
     <span class='ocr_line' id='line_1_15' title="bbox 238 1708 1314 1779; baseline 0 -14"><span class='ocrx_word' id='word_1_122' title='bbox 238 1725 278 1765; x_wconf 84' lang='lat' dir='ltr'>tm</span> <span class='ocrx_word' id='word_1_123' title='bbox 291 1708 408 1762; x_wconf 85' lang='lat' dir='ltr'>materia</span> <span class='ocrx_word' id='word_1_124' title='bbox 421 1726 505 1778; x_wconf 92' lang='lat' dir='ltr'>quam</span> <span class='ocrx_word' id='word_1_125' title='bbox 518 1710 609 1763; x_wconf 85' lang='lat' dir='ltr'>forma</span> <span class='ocrx_word' id='word_1_126' title='bbox 623 1726 675 1762; x_wconf 91' lang='lat' dir='ltr'>sua</span> <span class='ocrx_word' id='word_1_127' title='bbox 684 1709 758 1763; x_wconf 91' lang='lat' dir='ltr'>inter</span> <span class='ocrx_word' id='word_1_128' title='bbox 776 1710 874 1763; x_wconf 91' lang='lat' dir='ltr'>tudine</span> <span class='ocrx_word' id='word_1_129' title='bbox 884 1710 1021 1779; x_wconf 86' lang='lat' dir='ltr'>epistolae</span> <span class='ocrx_word' id='word_1_130' title='bbox 1032 1716 1061 1763; x_wconf 89' lang='lat' dir='ltr'>et</span> <span class='ocrx_word' id='word_1_131' title='bbox 1070 1710 1173 1764; x_wconf 88' lang='lat' dir='ltr'>satirae</span> <span class='ocrx_word' id='word_1_132' title='bbox 1183 1710 1314 1765; x_wconf 88' lang='lat' dir='ltr'>Horatia·</span> 
     </span>
     <span class='ocr_line' id='line_1_16' title="bbox 238 1777 1314 1847; baseline 0 -15"><span class='ocrx_word' id='word_1_133' title='bbox 238 1791 251 1832; x_wconf 79' lang='lat' dir='ltr'>a</span> <span class='ocrx_word' id='word_1_134' title='bbox 288 1777 452 1845; x_wconf 88' lang='lat' dir='ltr'>discrepant</span> <span class='ocrx_word' id='word_1_135' title='bbox 480 1793 539 1829; x_wconf 92' lang='lat' dir='ltr'>non</span> <span class='ocrx_word' id='word_1_136' title='bbox 568 1778 756 1832; x_wconf 86' lang='lat' dir='ltr'>mediocriter.</span> <span class='ocrx_word' id='word_1_137' title='bbox 777 1794 839 1831; x_wconf 87' lang='lat' dir='ltr'>nae.</span> <span class='ocrx_word' id='word_1_138' title='bbox 875 1778 984 1842; x_wconf 83' lang='lat' dir='ltr'>Quibus</span> <span class='ocrx_word' id='word_1_139' title='bbox 998 1778 1174 1847; x_wconf 87' lang='lat' dir='ltr'>explicandis</span> <span class='ocrx_word' id='word_1_140' title='bbox 1190 1779 1271 1831; x_wconf 85' lang='lat' dir='ltr'>simul</span> <span class='ocrx_word' id='word_1_141' title='bbox 1285 1780 1314 1832; x_wconf 91' lang='lat' dir='ltr'>id</span> 
     </span>
     <span class='ocr_line' id='line_1_17' title="bbox 239 1845 1314 1965; baseline 0.003 -67"><span class='ocrx_word' id='word_1_142' title='bbox 239 1856 396 1916; x_wconf 68' lang='lat' dir='ltr'>tuamquam</span> <span class='ocrx_word' id='word_1_143' title='bbox 405 1851 541 1915; x_wconf 88' lang='lat' dir='ltr'>utraeque</span> <span class='ocrx_word' id='word_1_144' title='bbox 552 1846 636 1899; x_wconf 92' lang='lat' dir='ltr'>etiam</span> <span class='ocrx_word' id='word_1_145' title='bbox 646 1863 697 1965; x_wconf 58' lang='lat' dir='ltr'>plro</span> <span class='ocrx_word' id='word_1_146' title='bbox 707 1863 756 1899; x_wconf 90' lang='lat' dir='ltr'>na·</span> <span class='ocrx_word' id='word_1_147' title='bbox 776 1845 905 1899; x_wconf 83' lang='lat' dir='ltr'>effecisse</span> <span class='ocrx_word' id='word_1_148' title='bbox 915 1846 1049 1914; x_wconf 86' lang='lat' dir='ltr'>videmur,</span> <span class='ocrx_word' id='word_1_149' title='bbox 1060 1854 1093 1900; x_wconf 94' lang='lat' dir='ltr'>ut</span> <span class='ocrx_word' id='word_1_150' title='bbox 1105 1848 1220 1901; x_wconf 90' lang='lat' dir='ltr'>tandem</span> <span class='ocrx_word' id='word_1_151' title='bbox 1230 1848 1314 1901; x_wconf 90' lang='lat' dir='ltr'>virtu-</span> 
     </span>
     <span class='ocr_line' id='line_1_18' title="bbox 241 1914 1312 1985; baseline 0 -18"><span class='ocrx_word' id='word_1_152' title='bbox 241 1929 300 1967; x_wconf 83' lang='lat' dir='ltr'>rrae</span> <span class='ocrx_word' id='word_1_153' title='bbox 323 1929 390 1967; x_wconf 88' lang='lat' dir='ltr'>suae</span> <span class='ocrx_word' id='word_1_154' title='bbox 412 1914 521 1967; x_wconf 89' lang='lat' dir='ltr'>ratione</span> <span class='ocrx_word' id='word_1_155' title='bbox 544 1915 634 1967; x_wconf 86' lang='lat' dir='ltr'>multa</span> <span class='ocrx_word' id='word_1_156' title='bbox 671 1914 758 1968; x_wconf 88' lang='lat' dir='ltr'>abent</span> <span class='ocrx_word' id='word_1_157' title='bbox 776 1920 820 1968; x_wconf 88' lang='lat' dir='ltr'>tes</span> <span class='ocrx_word' id='word_1_158' title='bbox 844 1931 877 1968; x_wconf 92' lang='lat' dir='ltr'>ac</span> <span class='ocrx_word' id='word_1_159' title='bbox 903 1914 1092 1983; x_wconf 87' lang='lat' dir='ltr'>proprietates</span> <span class='ocrx_word' id='word_1_160' title='bbox 1120 1915 1312 1985; x_wconf 89' lang='lat' dir='ltr'>epistolarum,</span> 
     </span>
     <span class='ocr_line' id='line_1_19' title="bbox 242 1980 1314 2052; baseline 0 -16"><span class='ocrx_word' id='word_1_161' title='bbox 242 1980 386 2036; x_wconf 66' lang='lat' dir='ltr'>immunia.</span> <span class='ocrx_word' id='word_1_162' title='bbox 422 1981 564 2045; x_wconf 82' lang='lat' dir='ltr'>Quorsum</span> <span class='ocrx_word' id='word_1_163' title='bbox 577 1982 700 2051; x_wconf 84' lang='lat' dir='ltr'>pertinet</span> <span class='ocrx_word' id='word_1_164' title='bbox 716 1982 756 2034; x_wconf 93' lang='lat' dir='ltr'>in·</span> <span class='ocrx_word' id='word_1_165' title='bbox 777 2000 850 2052; x_wconf 88' lang='lat' dir='ltr'>quae</span> <span class='ocrx_word' id='word_1_166' title='bbox 864 1988 966 2051; x_wconf 88' lang='lat' dir='ltr'>poetae</span> <span class='ocrx_word' id='word_1_167' title='bbox 981 1982 1129 2050; x_wconf 83' lang='lat' dir='ltr'>debentur,</span> <span class='ocrx_word' id='word_1_168' title='bbox 1146 1982 1258 2036; x_wconf 82' lang='lat' dir='ltr'>facilius</span> <span class='ocrx_word' id='word_1_169' title='bbox 1269 2000 1314 2036; x_wconf 91' lang='lat' dir='ltr'>co-</span> 
     </span>
     <span class='ocr_line' id='line_1_20' title="bbox 243 2047 1314 2119; baseline 0.001 -16"><span class='ocrx_word' id='word_1_170' title='bbox 243 2047 316 2103; x_wconf 85' lang='lat' dir='ltr'>rimis</span> <span class='ocrx_word' id='word_1_171' title='bbox 329 2050 397 2119; x_wconf 93' lang='lat' dir='ltr'>boc,</span> <span class='ocrx_word' id='word_1_172' title='bbox 413 2050 490 2119; x_wconf 92' lang='lat' dir='ltr'>quod</span> <span class='ocrx_word' id='word_1_173' title='bbox 501 2056 638 2119; x_wconf 89' lang='lat' dir='ltr'>utraeque</span> <span class='ocrx_word' id='word_1_174' title='bbox 654 2066 757 2103; x_wconf 86' lang='lat' dir='ltr'>sermo·</span> <span class='ocrx_word' id='word_1_175' title='bbox 776 2056 960 2119; x_wconf 88' lang='lat' dir='ltr'>gnoscantur.</span> <span class='ocrx_word' id='word_1_176' title='bbox 974 2050 1070 2103; x_wconf 87' lang='lat' dir='ltr'>Facile</span> <span class='ocrx_word' id='word_1_177' title='bbox 1081 2051 1314 2104; x_wconf 88' lang='lat' dir='ltr'>autemestadin·</span> 
     </span>
     <span class='ocr_line' id='line_1_21' title="bbox 245 2116 1314 2187; baseline -0.002 -14"><span class='ocrx_word' id='word_1_178' title='bbox 245 2131 272 2173; x_wconf 76' lang='lat' dir='ltr'>ta</span> <span class='ocrx_word' id='word_1_179' title='bbox 297 2116 372 2171; x_wconf 86' lang='lat' dir='ltr'>vitae</span> <span class='ocrx_word' id='word_1_180' title='bbox 404 2118 587 2187; x_wconf 85' lang='lat' dir='ltr'>quotidianae</span> <span class='ocrx_word' id='word_1_181' title='bbox 614 2118 758 2171; x_wconf 89' lang='lat' dir='ltr'>imitantur</span> <span class='ocrx_word' id='word_1_182' title='bbox 775 2119 970 2187; x_wconf 85' lang='lat' dir='ltr'>telligendum,</span> <span class='ocrx_word' id='word_1_183' title='bbox 980 2118 1131 2171; x_wconf 87' lang='lat' dir='ltr'>Horatium</span> <span class='ocrx_word' id='word_1_184' title='bbox 1140 2118 1170 2171; x_wconf 92' lang='lat' dir='ltr'>in</span> <span class='ocrx_word' id='word_1_185' title='bbox 1180 2118 1236 2170; x_wconf 92' lang='lat' dir='ltr'>hoc</span> <span class='ocrx_word' id='word_1_186' title='bbox 1246 2134 1314 2187; x_wconf 90' lang='lat' dir='ltr'>quo·</span> 
     </span>
     <span class='ocr_line' id='line_1_22' title="bbox 247 2185 1314 2266; baseline -0.001 -26"><span class='ocrx_word' id='word_1_187' title='bbox 247 2200 342 2254; x_wconf 79' lang='lat' dir='ltr'>coque</span> <span class='ocrx_word' id='word_1_188' title='bbox 364 2186 528 2254; x_wconf 87' lang='lat' dir='ltr'>repentinas</span> <span class='ocrx_word' id='word_1_189' title='bbox 557 2185 757 2256; x_wconf 82' lang='lat' dir='ltr'>disputationis</span> <span class='ocrx_word' id='word_1_190' title='bbox 777 2203 831 2265; x_wconf 93' lang='lat' dir='ltr'>que</span> <span class='ocrx_word' id='word_1_191' title='bbox 845 2192 1006 2266; x_wconf 90' lang='lat' dir='ltr'>poematum</span> <span class='ocrx_word' id='word_1_192' title='bbox 1016 2202 1119 2255; x_wconf 88' lang='lat' dir='ltr'>genere</span> <span class='ocrx_word' id='word_1_193' title='bbox 1130 2186 1314 2255; x_wconf 87' lang='lat' dir='ltr'>elaborando,</span> 
     </span>
     <span class='ocr_line' id='line_1_23' title="bbox 247 2252 1313 2322; baseline 0 -16"><span class='ocrx_word' id='word_1_194' title='bbox 247 2252 423 2307; x_wconf 70' lang='lat' dir='ltr'>inversiones</span> <span class='ocrx_word' id='word_1_195' title='bbox 447 2254 614 2307; x_wconf 86' lang='lat' dir='ltr'>audaciores</span> <span class='ocrx_word' id='word_1_196' title='bbox 636 2271 671 2307; x_wconf 90' lang='lat' dir='ltr'>ue</span> <span class='ocrx_word' id='word_1_197' title='bbox 695 2271 756 2307; x_wconf 89' lang='lat' dir='ltr'>sen·</span> <span class='ocrx_word' id='word_1_198' title='bbox 777 2254 897 2308; x_wconf 86' lang='lat' dir='ltr'>srcutrin</span> <span class='ocrx_word' id='word_1_199' title='bbox 911 2254 1021 2322; x_wconf 87' lang='lat' dir='ltr'>epodis,</span> <span class='ocrx_word' id='word_1_200' title='bbox 1042 2254 1134 2307; x_wconf 87' lang='lat' dir='ltr'>satiris</span> <span class='ocrx_word' id='word_1_201' title='bbox 1149 2254 1313 2307; x_wconf 90' lang='lat' dir='ltr'>etcarmini-</span> 
     </span>
     <span class='ocr_line' id='line_1_24' title="bbox 249 2273 1314 2392; baseline 0 -16"><span class='ocrx_word' id='word_1_202' title='bbox 249 2321 370 2376; x_wconf 89' lang='lat' dir='ltr'>ntiarum</span> <span class='ocrx_word' id='word_1_203' title='bbox 388 2323 577 2375; x_wconf 84' lang='lat' dir='ltr'>connexiones</span> <span class='ocrx_word' id='word_1_204' title='bbox 593 2273 757 2386; x_wconf 65' lang='lat' dir='ltr'>atimittuntr</span> <span class='ocrx_word' id='word_1_205' title='bbox 775 2324 829 2377; x_wconf 88' lang='lat' dir='ltr'>bus</span> <span class='ocrx_word' id='word_1_206' title='bbox 840 2322 935 2392; x_wconf 87' lang='lat' dir='ltr'>lyricis</span> <span class='ocrx_word' id='word_1_207' title='bbox 944 2321 1021 2390; x_wconf 88' lang='lat' dir='ltr'>fecit,</span> <span class='ocrx_word' id='word_1_208' title='bbox 1037 2322 1066 2374; x_wconf 92' lang='lat' dir='ltr'>id</span> <span class='ocrx_word' id='word_1_209' title='bbox 1082 2322 1265 2390; x_wconf 84' lang='lat' dir='ltr'>spectavisse,</span> <span class='ocrx_word' id='word_1_210' title='bbox 1283 2329 1314 2376; x_wconf 93' lang='lat' dir='ltr'>ut</span> 
     </span>
     <span class='ocr_line' id='line_1_25' title="bbox 250 2388 1314 2460; baseline -0.001 -16"><span class='ocrx_word' id='word_1_211' title='bbox 250 2390 299 2444; x_wconf 78' lang='lat' dir='ltr'>tod</span> <span class='ocrx_word' id='word_1_212' title='bbox 309 2389 416 2443; x_wconf 89' lang='lat' dir='ltr'>habent</span> <span class='ocrx_word' id='word_1_213' title='bbox 425 2390 581 2443; x_wconf 88' lang='lat' dir='ltr'>orationem</span> <span class='ocrx_word' id='word_1_214' title='bbox 590 2388 756 2458; x_wconf 83' lang='lat' dir='ltr'>variisfigu-</span> <span class='ocrx_word' id='word_1_215' title='bbox 776 2391 884 2443; x_wconf 88' lang='lat' dir='ltr'>litteras</span> <span class='ocrx_word' id='word_1_216' title='bbox 910 2391 1054 2443; x_wconf 87' lang='lat' dir='ltr'>Romanas</span> <span class='ocrx_word' id='word_1_217' title='bbox 1085 2407 1160 2443; x_wconf 90' lang='lat' dir='ltr'>novo</span> <span class='ocrx_word' id='word_1_218' title='bbox 1192 2391 1314 2460; x_wconf 90' lang='lat' dir='ltr'>quodam</span> 
     </span>
     <span class='ocr_line' id='line_1_26' title="bbox 251 2456 1314 2529; baseline 0 -17"><span class='ocrx_word' id='word_1_219' title='bbox 251 2462 299 2512; x_wconf 84' lang='lat' dir='ltr'>ret</span> <span class='ocrx_word' id='word_1_220' title='bbox 312 2456 439 2510; x_wconf 87' lang='lat' dir='ltr'>artificiis</span> <span class='ocrx_word' id='word_1_221' title='bbox 449 2458 562 2511; x_wconf 88' lang='lat' dir='ltr'>dicendi</span> <span class='ocrx_word' id='word_1_222' title='bbox 578 2457 704 2510; x_wconf 89' lang='lat' dir='ltr'>similiter</span> <span class='ocrx_word' id='word_1_223' title='bbox 714 2475 756 2510; x_wconf 89' lang='lat' dir='ltr'>or·</span> <span class='ocrx_word' id='word_1_224' title='bbox 775 2458 871 2528; x_wconf 89' lang='lat' dir='ltr'>poesis</span> <span class='ocrx_word' id='word_1_225' title='bbox 881 2475 985 2527; x_wconf 85' lang='lat' dir='ltr'>genere</span> <span class='ocrx_word' id='word_1_226' title='bbox 996 2458 1191 2527; x_wconf 89' lang='lat' dir='ltr'>locupletaret.</span> <span class='ocrx_word' id='word_1_227' title='bbox 1213 2459 1247 2511; x_wconf 91' lang='lat' dir='ltr'>In</span> <span class='ocrx_word' id='word_1_228' title='bbox 1258 2476 1314 2529; x_wconf 90' lang='lat' dir='ltr'>qua</span> 
     </span>
     <span class='ocr_line' id='line_1_27' title="bbox 253 2524 1313 2596; baseline 0 -17"><span class='ocrx_word' id='word_1_229' title='bbox 253 2530 316 2579; x_wconf 79' lang='lat' dir='ltr'>tam</span> <span class='ocrx_word' id='word_1_230' title='bbox 334 2532 363 2579; x_wconf 85' lang='lat' dir='ltr'>et</span> <span class='ocrx_word' id='word_1_231' title='bbox 381 2524 462 2594; x_wconf 89' lang='lat' dir='ltr'>quasi</span> <span class='ocrx_word' id='word_1_232' title='bbox 484 2526 647 2593; x_wconf 80' lang='lat' dir='ltr'>animatam3</span> <span class='ocrx_word' id='word_1_233' title='bbox 681 2526 757 2595; x_wconf 90' lang='lat' dir='ltr'>quod</span> <span class='ocrx_word' id='word_1_234' title='bbox 775 2544 881 2581; x_wconf 90' lang='lat' dir='ltr'>renum</span> <span class='ocrx_word' id='word_1_235' title='bbox 894 2543 967 2596; x_wconf 91' lang='lat' dir='ltr'>quae</span> <span class='ocrx_word' id='word_1_236' title='bbox 981 2527 1099 2580; x_wconf 88' lang='lat' dir='ltr'>aliorum</span> <span class='ocrx_word' id='word_1_237' title='bbox 1114 2526 1217 2596; x_wconf 85' lang='lat' dir='ltr'>legerit</span> <span class='ocrx_word' id='word_1_238' title='bbox 1229 2527 1313 2581; x_wconf 86' lang='lat' dir='ltr'>vesti·</span> 
     </span>
     <span class='ocr_line' id='line_1_28' title="bbox 254 2593 1312 2664; baseline -0.002 -15"><span class='ocrx_word' id='word_1_239' title='bbox 254 2593 340 2649; x_wconf 87' lang='lat' dir='ltr'>binde</span> <span class='ocrx_word' id='word_1_240' title='bbox 350 2599 466 2646; x_wconf 89' lang='lat' dir='ltr'>utuntur</span> <span class='ocrx_word' id='word_1_241' title='bbox 475 2594 669 2663; x_wconf 87' lang='lat' dir='ltr'>interrogandi</span> <span class='ocrx_word' id='word_1_242' title='bbox 679 2600 756 2647; x_wconf 90' lang='lat' dir='ltr'>etrc-</span> <span class='ocrx_word' id='word_1_243' title='bbox 775 2594 954 2664; x_wconf 82' lang='lat' dir='ltr'>gia,difficilc</span> <span class='ocrx_word' id='word_1_244' title='bbox 966 2595 1043 2648; x_wconf 90' lang='lat' dir='ltr'>dictu</span> <span class='ocrx_word' id='word_1_245' title='bbox 1054 2600 1104 2647; x_wconf 87' lang='lat' dir='ltr'>est.</span> <span class='ocrx_word' id='word_1_246' title='bbox 1116 2594 1242 2649; x_wconf 81' lang='lat' dir='ltr'>Graecos</span> <span class='ocrx_word' id='word_1_247' title='bbox 1254 2612 1312 2648; x_wconf 89' lang='lat' dir='ltr'>cer-</span> 
     </span>
     <span class='ocr_line' id='line_1_29' title="bbox 256 2661 1313 2742; baseline -0.001 -26"><span class='ocrx_word' id='word_1_248' title='bbox 256 2661 379 2716; x_wconf 91' lang='lat' dir='ltr'>ondendi</span> <span class='ocrx_word' id='word_1_249' title='bbox 393 2661 511 2731; x_wconf 86' lang='lat' dir='ltr'>vicibus,</span> <span class='ocrx_word' id='word_1_250' title='bbox 531 2662 613 2731; x_wconf 91' lang='lat' dir='ltr'>quasi</span> <span class='ocrx_word' id='word_1_251' title='bbox 631 2679 677 2715; x_wconf 89' lang='lat' dir='ltr'>res</span> <span class='ocrx_word' id='word_1_252' title='bbox 694 2662 758 2731; x_wconf 87' lang='lat' dir='ltr'>ipsa</span> <span class='ocrx_word' id='word_1_253' title='bbox 775 2669 803 2717; x_wconf 90' lang='lat' dir='ltr'>te</span> <span class='ocrx_word' id='word_1_254' title='bbox 824 2670 954 2717; x_wconf 86' lang='lat' dir='ltr'>auctores</span> <span class='ocrx_word' id='word_1_255' title='bbox 972 2678 1029 2715; x_wconf 92' lang='lat' dir='ltr'>non</span> <span class='ocrx_word' id='word_1_256' title='bbox 1048 2662 1159 2716; x_wconf 89' lang='lat' dir='ltr'>videtur</span> <span class='ocrx_word' id='word_1_257' title='bbox 1178 2668 1313 2742; x_wconf 88' lang='lat' dir='ltr'>sequutus</span> 
     </span>
     <span class='ocr_line' id='line_1_30' title="bbox 259 2730 1312 2801; baseline -0.002 -17"><span class='ocrx_word' id='word_1_258' title='bbox 259 2734 330 2797; x_wconf 75' lang='lat' dir='ltr'>stur,</span> <span class='ocrx_word' id='word_1_259' title='bbox 348 2746 406 2782; x_wconf 93' lang='lat' dir='ltr'>non</span> <span class='ocrx_word' id='word_1_260' title='bbox 425 2730 615 2797; x_wconf 84' lang='lat' dir='ltr'>disputatione</span> <span class='ocrx_word' id='word_1_261' title='bbox 630 2732 756 2800; x_wconf 82' lang='lat' dir='ltr'>exquire·</span> <span class='ocrx_word' id='word_1_262' title='bbox 775 2748 846 2785; x_wconf 86' lang='lat' dir='ltr'>esse.</span> <span class='ocrx_word' id='word_1_263' title='bbox 881 2732 981 2801; x_wconf 91' lang='lat' dir='ltr'>Itaque</span> <span class='ocrx_word' id='word_1_264' title='bbox 992 2731 1140 2784; x_wconf 89' lang='lat' dir='ltr'>verisimile</span> <span class='ocrx_word' id='word_1_265' title='bbox 1151 2737 1202 2799; x_wconf 85' lang='lat' dir='ltr'>est,</span> <span class='ocrx_word' id='word_1_266' title='bbox 1213 2748 1312 2799; x_wconf 80' lang='lat' dir='ltr'>ipsum,</span> 
     </span>
     <span class='ocr_line' id='line_1_31' title="bbox 258 2798 1312 2936; baseline -0.001 -16"><span class='ocrx_word' id='word_1_267' title='bbox 258 2798 378 2920; x_wconf 52' lang='lat' dir='ltr'>{stult</span> <span class='ocrx_word' id='word_1_268' title='bbox 398 2798 504 2934; x_wconf 69' lang='lat' dir='ltr'>ttlt:</span> <span class='ocrx_word' id='word_1_269' title='bbox 523 2798 758 2920; x_wconf 66' lang='lat' dir='ltr'>ltlttttll</span> <span class='ocrx_word' id='word_1_270' title='bbox 776 2799 946 2936; x_wconf 53' lang='lat' dir='ltr'>bilbili?</span> <span class='ocrx_word' id='word_1_271' title='bbox 955 2798 1116 2936; x_wconf 58' lang='lat' dir='ltr'>leitila</span> <span class='ocrx_word' id='word_1_272' title='bbox 1129 2799 1312 2919; x_wconf 55' lang='lat' dir='ltr'>illlata·</span> 
     </span>
     <span class='ocr_line' id='line_1_32' title="bbox 263 2932 1313 2989; baseline 0 -3"><span class='ocrx_word' id='word_1_273' title='bbox 263 2932 369 2986; x_wconf 89' lang='lat' dir='ltr'>imvero</span> <span class='ocrx_word' id='word_1_274' title='bbox 397 2933 570 2987; x_wconf 87' lang='lat' dir='ltr'>conveniunt</span> <span class='ocrx_word' id='word_1_275' title='bbox 596 2949 663 2987; x_wconf 89' lang='lat' dir='ltr'>sanc</span> <span class='ocrx_word' id='word_1_276' title='bbox 685 2933 757 2987; x_wconf 89' lang='lat' dir='ltr'>haec</span> <span class='ocrx_word' id='word_1_277' title='bbox 775 2952 828 2988; x_wconf 92' lang='lat' dir='ltr'>nos</span> <span class='ocrx_word' id='word_1_278' title='bbox 852 2941 967 2989; x_wconf 87' lang='lat' dir='ltr'>exortae</span> <span class='ocrx_word' id='word_1_279' title='bbox 991 2935 1131 2988; x_wconf 90' lang='lat' dir='ltr'>elementa</span> <span class='ocrx_word' id='word_1_280' title='bbox 1153 2934 1190 2987; x_wconf 93' lang='lat' dir='ltr'>ob</span> <span class='ocrx_word' id='word_1_281' title='bbox 1214 2934 1313 2987; x_wconf 91' lang='lat' dir='ltr'>oculos</span> 
     </span>
     <span class='ocr_line' id='line_1_33' title="bbox 263 3000 1312 3071; baseline -0.001 -18"><span class='ocrx_word' id='word_1_282' title='bbox 263 3000 575 3071; x_wconf 84' lang='lat' dir='ltr'>nisinutrumquehoc</span> <span class='ocrx_word' id='word_1_283' title='bbox 610 3017 756 3070; x_wconf 87' lang='lat' dir='ltr'>enuspoe·</span> <span class='ocrx_word' id='word_1_284' title='bbox 775 3002 910 3056; x_wconf 88' lang='lat' dir='ltr'>habuisse</span> <span class='ocrx_word' id='word_1_285' title='bbox 929 3019 1019 3070; x_wconf 86' lang='lat' dir='ltr'>eaque</span> <span class='ocrx_word' id='word_1_286' title='bbox 1042 3003 1079 3055; x_wconf 84' lang='lat' dir='ltr'>ad</span> <span class='ocrx_word' id='word_1_287' title='bbox 1098 3002 1166 3054; x_wconf 88' lang='lat' dir='ltr'>artis</span> <span class='ocrx_word' id='word_1_288' title='bbox 1185 3019 1312 3054; x_wconf 88' lang='lat' dir='ltr'>normam</span> 
     </span>
     <span class='ocr_line' id='line_1_34' title="bbox 265 3018 1314 3139; baseline -0.002 -17"><span class='ocrx_word' id='word_1_289' title='bbox 265 3074 333 3122; x_wconf 89' lang='lat' dir='ltr'>tum.</span> <span class='ocrx_word' id='word_1_290' title='bbox 369 3068 545 3139; x_wconf 77' lang='lat' dir='ltr'>Quamquam</span> <span class='ocrx_word' id='word_1_291' title='bbox 558 3018 609 3123; x_wconf 57' lang='lat' dir='ltr'>vei</span> <span class='ocrx_word' id='word_1_292' title='bbox 618 3070 647 3122; x_wconf 90' lang='lat' dir='ltr'>in</span> <span class='ocrx_word' id='word_1_293' title='bbox 660 3068 705 3123; x_wconf 89' lang='lat' dir='ltr'>his</span> <span class='ocrx_word' id='word_1_294' title='bbox 714 3085 756 3122; x_wconf 92' lang='lat' dir='ltr'>re·</span> <span class='ocrx_word' id='word_1_295' title='bbox 776 3075 861 3139; x_wconf 89' lang='lat' dir='ltr'>atque</span> <span class='ocrx_word' id='word_1_296' title='bbox 872 3070 999 3138; x_wconf 84' lang='lat' dir='ltr'>regulam</span> <span class='ocrx_word' id='word_1_297' title='bbox 1013 3070 1053 3122; x_wconf 87' lang='lat' dir='ltr'>ita</span> <span class='ocrx_word' id='word_1_298' title='bbox 1067 3068 1263 3138; x_wconf 88' lang='lat' dir='ltr'>perpolivisse,</span> <span class='ocrx_word' id='word_1_299' title='bbox 1282 3074 1314 3120; x_wconf 90' lang='lat' dir='ltr'>ut</span> 
     </span>
     <span class='ocr_line' id='line_1_35' title="bbox 265 3136 1312 3207; baseline -0.002 -17"><span class='ocrx_word' id='word_1_300' title='bbox 265 3153 275 3190; x_wconf 78' lang='lat' dir='ltr'>s</span> <span class='ocrx_word' id='word_1_301' title='bbox 302 3136 430 3205; x_wconf 87' lang='lat' dir='ltr'>epistolis</span> <span class='ocrx_word' id='word_1_302' title='bbox 457 3137 591 3191; x_wconf 91' lang='lat' dir='ltr'>maiorem</span> <span class='ocrx_word' id='word_1_303' title='bbox 614 3137 756 3207; x_wconf 88' lang='lat' dir='ltr'>quandam</span> <span class='ocrx_word' id='word_1_304' title='bbox 777 3139 925 3191; x_wconf 88' lang='lat' dir='ltr'>satirarum</span> <span class='ocrx_word' id='word_1_305' title='bbox 952 3136 1071 3190; x_wconf 90' lang='lat' dir='ltr'>artificio</span> <span class='ocrx_word' id='word_1_306' title='bbox 1098 3137 1154 3189; x_wconf 93' lang='lat' dir='ltr'>huc</span> <span class='ocrx_word' id='word_1_307' title='bbox 1181 3137 1312 3188; x_wconf 90' lang='lat' dir='ltr'>traducto</span> 
     </span>
     <span class='ocr_line' id='line_1_36' title="bbox 267 3202 1312 3275; baseline -0.003 -16"><span class='ocrx_word' id='word_1_308' title='bbox 267 3203 757 3275; x_wconf 87' lang='lat' dir='ltr'>derationemacsimplicitatempro-</span> <span class='ocrx_word' id='word_1_309' title='bbox 776 3222 880 3258; x_wconf 88' lang='lat' dir='ltr'>novum</span> <span class='ocrx_word' id='word_1_310' title='bbox 898 3203 992 3273; x_wconf 90' lang='lat' dir='ltr'>poesis</span> <span class='ocrx_word' id='word_1_311' title='bbox 1026 3220 1096 3257; x_wconf 91' lang='lat' dir='ltr'>enus</span> <span class='ocrx_word' id='word_1_312' title='bbox 1114 3204 1180 3256; x_wconf 89' lang='lat' dir='ltr'>inde</span> <span class='ocrx_word' id='word_1_313' title='bbox 1194 3202 1312 3273; x_wconf 86' lang='lat' dir='ltr'>effinge-</span> 
     </span>
     <span class='ocr_line' id='line_1_37' title="bbox 268 3270 1312 3343; baseline -0.003 -16"><span class='ocrx_word' id='word_1_314' title='bbox 268 3289 309 3327; x_wconf 84' lang='lat' dir='ltr'>am</span> <span class='ocrx_word' id='word_1_315' title='bbox 320 3289 381 3326; x_wconf 89' lang='lat' dir='ltr'>esse</span> <span class='ocrx_word' id='word_1_316' title='bbox 392 3274 489 3343; x_wconf 91' lang='lat' dir='ltr'>liquet.</span> <span class='ocrx_word' id='word_1_317' title='bbox 512 3272 569 3327; x_wconf 87' lang='lat' dir='ltr'>Sed</span> <span class='ocrx_word' id='word_1_318' title='bbox 578 3274 649 3327; x_wconf 89' lang='lat' dir='ltr'>haec</span> <span class='ocrx_word' id='word_1_319' title='bbox 657 3280 756 3326; x_wconf 92' lang='lat' dir='ltr'>utcun-</span> <span class='ocrx_word' id='word_1_320' title='bbox 775 3279 827 3327; x_wconf 89' lang='lat' dir='ltr'>ret.</span> <span class='ocrx_word' id='word_1_321' title='bbox 838 3270 920 3325; x_wconf 80' lang='lat' dir='ltr'>Certe</span> <span class='ocrx_word' id='word_1_322' title='bbox 929 3277 994 3325; x_wconf 92' lang='lat' dir='ltr'>ante</span> <span class='ocrx_word' id='word_1_323' title='bbox 1034 3271 1152 3326; x_wconf 90' lang='lat' dir='ltr'>oratium</span> <span class='ocrx_word' id='word_1_324' title='bbox 1162 3272 1233 3325; x_wconf 89' lang='lat' dir='ltr'>alios</span> <span class='ocrx_word' id='word_1_325' title='bbox 1244 3288 1312 3341; x_wconf 91' lang='lat' dir='ltr'>quo-</span> 
     </span>
     <span class='ocr_line' id='line_1_38' title="bbox 269 3339 1313 3412; baseline -0.003 -17"><span class='ocrx_word' id='word_1_326' title='bbox 269 3342 563 3408; x_wconf 79' lang='lat' dir='ltr'>rscsehabent,unum</span> <span class='ocrx_word' id='word_1_327' title='bbox 571 3348 666 3396; x_wconf 87' lang='lat' dir='ltr'>tamen</span> <span class='ocrx_word' id='word_1_328' title='bbox 675 3341 757 3394; x_wconf 89' lang='lat' dir='ltr'>utris-</span> <span class='ocrx_word' id='word_1_329' title='bbox 777 3340 1028 3412; x_wconf 86' lang='lat' dir='ltr'>queR0manorum</span> <span class='ocrx_word' id='word_1_330' title='bbox 1039 3339 1174 3408; x_wconf 88' lang='lat' dir='ltr'>epistolas</span> <span class='ocrx_word' id='word_1_331' title='bbox 1184 3341 1313 3393; x_wconf 89' lang='lat' dir='ltr'>versibus</span> 
     </span>
     <span class='ocr_line' id='line_1_39' title="bbox 271 3406 1312 3487; baseline -0.002 -26"><span class='ocrx_word' id='word_1_332' title='bbox 271 3410 435 3478; x_wconf 80' lang='lat' dir='ltr'>rperomnia</span> <span class='ocrx_word' id='word_1_333' title='bbox 445 3427 590 3464; x_wconf 89' lang='lat' dir='ltr'>commune</span> <span class='ocrx_word' id='word_1_334' title='bbox 601 3409 756 3464; x_wconf 90' lang='lat' dir='ltr'>essedubio</span> <span class='ocrx_word' id='word_1_335' title='bbox 777 3408 887 3463; x_wconf 90' lang='lat' dir='ltr'>conseri</span> <span class='ocrx_word' id='word_1_336' title='bbox 909 3408 988 3475; x_wconf 90' lang='lat' dir='ltr'>sisse,</span> <span class='ocrx_word' id='word_1_337' title='bbox 1000 3408 1086 3462; x_wconf 90' lang='lat' dir='ltr'>veluti</span> <span class='ocrx_word' id='word_1_338' title='bbox 1096 3407 1129 3471; x_wconf 78' lang='lat' dir='ltr'>Q.</span> <span class='ocrx_word' id='word_1_339' title='bbox 1140 3406 1312 3487; x_wconf 78' lang='lat' dir='ltr'>Ciceronem²</span> 
     </span>
     <span class='ocr_line' id='line_1_40' title="bbox 272 3475 1313 3599; baseline -0.004 -67"><span class='ocrx_word' id='word_1_340' title='bbox 272 3483 308 3532; x_wconf 80' lang='lat' dir='ltr'>et</span> <span class='ocrx_word' id='word_1_341' title='bbox 340 3475 411 3530; x_wconf 85' lang='lat' dir='ltr'>Sunt</span> <span class='ocrx_word' id='word_1_342' title='bbox 420 3478 494 3531; x_wconf 92' lang='lat' dir='ltr'>cnim</span> <span class='ocrx_word' id='word_1_343' title='bbox 505 3477 642 3557; x_wconf 89' lang='lat' dir='ltr'>epistolae</span> <span class='ocrx_word' id='word_1_344' title='bbox 651 3479 757 3599; x_wconf 70' lang='lat' dir='ltr'>pariter</span> <span class='ocrx_word' id='word_1_345' title='bbox 775 3477 866 3531; x_wconf 90' lang='lat' dir='ltr'>Marci</span> <span class='ocrx_word' id='word_1_346' title='bbox 910 3482 1006 3544; x_wconf 86' lang='lat' dir='ltr'>atrem,</span> <span class='ocrx_word' id='word_1_347' title='bbox 1026 3477 1061 3529; x_wconf 89' lang='lat' dir='ltr'>de</span> <span class='ocrx_word' id='word_1_348' title='bbox 1081 3493 1137 3546; x_wconf 91' lang='lat' dir='ltr'>quo</span> <span class='ocrx_word' id='word_1_349' title='bbox 1151 3494 1176 3529; x_wconf 86' lang='lat' dir='ltr'>v.</span> <span class='ocrx_word' id='word_1_350' title='bbox 1196 3475 1313 3530; x_wconf 81' lang='lat' dir='ltr'>Corradr</span> 
     </span>
     <span class='ocr_line' id='line_1_41' title="bbox 273 3544 1309 3614; baseline -0.001 -16"><span class='ocrx_word' id='word_1_351' title='bbox 273 3545 533 3599; x_wconf 85' lang='lat' dir='ltr'>uesatiraeHoratir</span> <span class='ocrx_word' id='word_1_352' title='bbox 544 3545 603 3599; x_wconf 92' lang='lat' dir='ltr'>sine</span> <span class='ocrx_word' id='word_1_353' title='bbox 614 3547 650 3599; x_wconf 92' lang='lat' dir='ltr'>du</span> <span class='ocrx_word' id='word_1_354' title='bbox 673 3546 699 3598; x_wconf 94' lang='lat' dir='ltr'>io</span> <span class='ocrx_word' id='word_1_355' title='bbox 725 3562 756 3598; x_wconf 90' lang='lat' dir='ltr'>ro</span> <span class='ocrx_word' id='word_1_356' title='bbox 776 3547 891 3611; x_wconf 84' lang='lat' dir='ltr'>Quaest.</span> <span class='ocrx_word' id='word_1_357' title='bbox 905 3563 931 3613; x_wconf 93' lang='lat' dir='ltr'>p.</span> <span class='ocrx_word' id='word_1_358' title='bbox 946 3544 1004 3598; x_wconf 79' lang='lat'>278.</span> <span class='ocrx_word' id='word_1_359' title='bbox 1019 3545 1062 3598; x_wconf 90' lang='lat' dir='ltr'>ed.</span> <span class='ocrx_word' id='word_1_360' title='bbox 1075 3545 1164 3614; x_wconf 76' lang='lat' dir='ltr'>Lips,</span> <span class='ocrx_word' id='word_1_361' title='bbox 1183 3550 1211 3598; x_wconf 91' lang='lat' dir='ltr'>et</span> <span class='ocrx_word' id='word_1_362' title='bbox 1225 3545 1309 3597; x_wconf 91' lang='lat' dir='ltr'>Mum·</span> 
     </span>
     <span class='ocr_line' id='line_1_42' title="bbox 274 3611 1313 3682; baseline 0.001 -17"><span class='ocrx_word' id='word_1_363' title='bbox 274 3612 354 3666; x_wconf 89' lang='lat' dir='ltr'>fectis</span> <span class='ocrx_word' id='word_1_364' title='bbox 368 3614 436 3666; x_wconf 90' lang='lat' dir='ltr'>artis</span> <span class='ocrx_word' id='word_1_365' title='bbox 451 3613 584 3682; x_wconf 89' lang='lat' dir='ltr'>operibus</span> <span class='ocrx_word' id='word_1_366' title='bbox 598 3615 693 3667; x_wconf 90' lang='lat' dir='ltr'>haben</span> <span class='ocrx_word' id='word_1_367' title='bbox 714 3630 756 3680; x_wconf 90' lang='lat' dir='ltr'>ae,</span> <span class='ocrx_word' id='word_1_368' title='bbox 775 3615 860 3666; x_wconf 89' lang='lat' dir='ltr'>mium</span> <span class='ocrx_word' id='word_1_369' title='bbox 868 3612 946 3665; x_wconf 91' lang='lat' dir='ltr'>illum</span> <span class='ocrx_word' id='word_1_370' title='bbox 955 3611 1119 3681; x_wconf 82' lang='lat' dir='ltr'>Achaicum,</span> <span class='ocrx_word' id='word_1_371' title='bbox 1134 3629 1168 3667; x_wconf 87' lang='lat' dir='ltr'>ex</span> <span class='ocrx_word' id='word_1_372' title='bbox 1178 3611 1313 3666; x_wconf 85' lang='lat' dir='ltr'>Cicerone</span> 
     </span>
     <span class='ocr_line' id='line_1_43' title="bbox 276 3680 1312 3751; baseline -0.001 -17"><span class='ocrx_word' id='word_1_373' title='bbox 276 3697 325 3751; x_wconf 90' lang='lat' dir='ltr'>ppe</span> <span class='ocrx_word' id='word_1_374' title='bbox 343 3681 372 3734; x_wconf 92' lang='lat' dir='ltr'>in</span> <span class='ocrx_word' id='word_1_375' title='bbox 391 3681 493 3751; x_wconf 91' lang='lat' dir='ltr'>quibus</span> <span class='ocrx_word' id='word_1_376' title='bbox 507 3698 560 3735; x_wconf 91' lang='lat' dir='ltr'>nec</span> <span class='ocrx_word' id='word_1_377' title='bbox 573 3682 667 3735; x_wconf 89' lang='lat' dir='ltr'>unitas</span> <span class='ocrx_word' id='word_1_378' title='bbox 676 3682 756 3734; x_wconf 86' lang='lat' dir='ltr'>ideae</span> <span class='ocrx_word' id='word_1_379' title='bbox 775 3682 864 3751; x_wconf 83' lang='lat' dir='ltr'>Epist.</span> <span class='ocrx_word' id='word_1_380' title='bbox 880 3682 916 3734; x_wconf 89' lang='lat' dir='ltr'>ad</span> <span class='ocrx_word' id='word_1_381' title='bbox 925 3680 1009 3734; x_wconf 87' lang='lat' dir='ltr'>Attio.</span> <span class='ocrx_word' id='word_1_382' title='bbox 1024 3682 1046 3734; x_wconf 93' lang='lat' dir='ltr'>I.</span> <span class='ocrx_word' id='word_1_383' title='bbox 1057 3681 1098 3749; x_wconf 87' lang='lat'>13,</span> <span class='ocrx_word' id='word_1_384' title='bbox 1115 3682 1138 3734; x_wconf 79' lang='lat'>7.</span> <span class='ocrx_word' id='word_1_385' title='bbox 1153 3681 1234 3733; x_wconf 84' lang='lat' dir='ltr'>Xlll.</span> <span class='ocrx_word' id='word_1_386' title='bbox 1249 3682 1273 3746; x_wconf 88' lang='grc'>6,</span> <span class='ocrx_word' id='word_1_387' title='bbox 1287 3680 1312 3733; x_wconf 83' lang='lat'>4.</span> 
     </span>
    </p>
   </div>
   <div class='ocr_carea' id='block_1_3' title="bbox 284 3746 1313 3868">
    <p class='ocr_par' dir='ltr' id='par_1_3' title="bbox 284 3746 1313 3868">
     <span class='ocr_line' id='line_1_44' title="bbox 284 3746 1313 3868; baseline -0.002 -66"><span class='ocrx_word' id='word_1_388' title='bbox 284 3749 663 3818; x_wconf 87' lang='lat' dir='ltr'>expositionisvarietas,nec</span> <span class='ocrx_word' id='word_1_389' title='bbox 673 3748 756 3802; x_wconf 91' lang='lat' dir='ltr'>artifi-</span> <span class='ocrx_word' id='word_1_390' title='bbox 777 3754 896 3803; x_wconf 88' lang='lat' dir='ltr'>constat.</span> <span class='ocrx_word' id='word_1_391' title='bbox 908 3746 964 3803; x_wconf 85' lang='lat' dir='ltr'>Sed</span> <span class='ocrx_word' id='word_1_392' title='bbox 974 3748 1049 3801; x_wconf 87' lang='lat' dir='ltr'>istud</span> <span class='ocrx_word' id='word_1_393' title='bbox 1060 3749 1172 3868; x_wconf 73' lang='lat' dir='ltr'>quidem</span> <span class='ocrx_word' id='word_1_394' title='bbox 1179 3748 1313 3818; x_wconf 87' lang='lat' dir='ltr'>quoniam</span> 
     </span>
    </p>
   </div>
   <div class='ocr_carea' id='block_1_4' title="bbox 278 3816 1313 4569">
    <p class='ocr_par' dir='ltr' id='par_1_4' title="bbox 278 3816 1313 4092">
     <span class='ocr_line' id='line_1_45' title="bbox 278 3816 1313 3886; baseline -0.003 -14"><span class='ocrx_word' id='word_1_395' title='bbox 278 3819 434 3886; x_wconf 81' lang='lat' dir='ltr'>apartium</span> <span class='ocrx_word' id='word_1_396' title='bbox 449 3818 615 3886; x_wconf 87' lang='lat' dir='ltr'>compositio</span> <span class='ocrx_word' id='word_1_397' title='bbox 629 3833 757 3871; x_wconf 89' lang='lat' dir='ltr'>noccou—</span> <span class='ocrx_word' id='word_1_398' title='bbox 776 3817 974 3871; x_wconf 89' lang='lat' dir='ltr'>deficientibus</span> <span class='ocrx_word' id='word_1_399' title='bbox 997 3816 1038 3870; x_wconf 89' lang='lat' dir='ltr'>rei</span> <span class='ocrx_word' id='word_1_400' title='bbox 1081 3817 1236 3869; x_wconf 88' lang='lat' dir='ltr'>ocumcntis</span> <span class='ocrx_word' id='word_1_401' title='bbox 1254 3834 1313 3869; x_wconf 92' lang='lat' dir='ltr'>non</span> 
     </span>
     <span class='ocr_line' id='line_1_46' title="bbox 279 3885 1312 3955; baseline -0.002 -17"><span class='ocrx_word' id='word_1_402' title='bbox 279 3885 397 3939; x_wconf 89' lang='lat' dir='ltr'>nationis</span> <span class='ocrx_word' id='word_1_403' title='bbox 415 3886 559 3939; x_wconf 87' lang='lat' dir='ltr'>absolutio</span> <span class='ocrx_word' id='word_1_404' title='bbox 577 3892 606 3939; x_wconf 91' lang='lat' dir='ltr'>et</span> <span class='ocrx_word' id='word_1_405' title='bbox 619 3885 756 3954; x_wconf 81' lang='lat' dir='ltr'>perfectio</span> <span class='ocrx_word' id='word_1_406' title='bbox 775 3891 871 3955; x_wconf 89' lang='lat' dir='ltr'>potest</span> <span class='ocrx_word' id='word_1_407' title='bbox 880 3887 916 3938; x_wconf 90' lang='lat' dir='ltr'>ad</span> <span class='ocrx_word' id='word_1_408' title='bbox 930 3885 1062 3937; x_wconf 91' lang='lat' dir='ltr'>maiorem</span> <span class='ocrx_word' id='word_1_409' title='bbox 1074 3885 1213 3953; x_wconf 88' lang='lat' dir='ltr'>quandam</span> <span class='ocrx_word' id='word_1_410' title='bbox 1227 3886 1312 3952; x_wconf 88' lang='lat' dir='ltr'>expli-</span> 
     </span>
     <span class='ocr_line' id='line_1_47' title="bbox 281 3951 1312 4033; baseline -0.001 -28"><span class='ocrx_word' id='word_1_411' title='bbox 281 3969 338 4007; x_wconf 84' lang='lat' dir='ltr'>ram</span> <span class='ocrx_word' id='word_1_412' title='bbox 349 3954 531 4007; x_wconf 89' lang='lat' dir='ltr'>desideretur.</span> <span class='ocrx_word' id='word_1_413' title='bbox 541 3953 613 4008; x_wconf 88' lang='lat' dir='ltr'>Nam</span> <span class='ocrx_word' id='word_1_414' title='bbox 620 3953 756 4022; x_wconf 88' lang='lat' dir='ltr'>epistolae</span> <span class='ocrx_word' id='word_1_415' title='bbox 776 3954 834 4007; x_wconf 90' lang='lat' dir='ltr'>cari</span> <span class='ocrx_word' id='word_1_416' title='bbox 842 3952 1083 4033; x_wconf 88' lang='lat' dir='ltr'>probabilitatem,</span> <span class='ocrx_word' id='word_1_417' title='bbox 1095 3952 1163 4004; x_wconf 89' lang='lat' dir='ltr'>satis</span> <span class='ocrx_word' id='word_1_418' title='bbox 1173 3951 1233 4017; x_wconf 90' lang='lat' dir='ltr'>crit,</span> <span class='ocrx_word' id='word_1_419' title='bbox 1245 3952 1312 4022; x_wconf 92' lang='lat' dir='ltr'>quid</span> 
     </span>
     <span class='ocr_line' id='line_1_48' title="bbox 282 4019 1158 4092; baseline -0.005 -18"><span class='ocrx_word' id='word_1_420' title='bbox 282 4037 336 4092; x_wconf 91' lang='lat' dir='ltr'>que</span> <span class='ocrx_word' id='word_1_421' title='bbox 369 4022 547 4090; x_wconf 88' lang='lat' dir='ltr'>quantumvis</span> <span class='ocrx_word' id='word_1_422' title='bbox 566 4038 651 4091; x_wconf 88' lang='lat' dir='ltr'>saepe</span> <span class='ocrx_word' id='word_1_423' title='bbox 670 4021 759 4075; x_wconf 86' lang='lat' dir='ltr'>levior</span> <span class='ocrx_word' id='word_1_424' title='bbox 776 4022 817 4076; x_wconf 90' lang='lat' dir='ltr'>rei</span> <span class='ocrx_word' id='word_1_425' title='bbox 827 4028 871 4089; x_wconf 82' lang='lat' dir='ltr'>ert,</span> <span class='ocrx_word' id='word_1_426' title='bbox 882 4021 969 4073; x_wconf 88' lang='lat' dir='ltr'>verbo</span> <span class='ocrx_word' id='word_1_427' title='bbox 979 4019 1158 4071; x_wconf 86' lang='lat' dir='ltr'>indicavisse.</span> 
     </span>
    </p>

    <p class='ocr_par' dir='ltr' id='par_1_5' title="bbox 283 4062 1311 4569">
     <span class='ocr_line' id='line_1_49' title="bbox 283 4062 1311 4154; baseline -0.004 -13"><span class='ocrx_word' id='word_1_428' title='bbox 283 4062 429 4143; x_wconf 73' lang='lat' dir='ltr'>svideatur</span> <span class='ocrx_word' id='word_1_429' title='bbox 439 4090 641 4144; x_wconf 88' lang='lat' dir='ltr'>sententiarum</span> <span class='ocrx_word' id='word_1_430' title='bbox 650 4089 757 4142; x_wconf 89' lang='lat' dir='ltr'>iunotu-</span> <span class='ocrx_word' id='word_1_431' title='bbox 800 4090 857 4142; x_wconf 92' lang='lat' dir='ltr'>Pro</span> <span class='ocrx_word' id='word_1_432' title='bbox 895 4088 1002 4141; x_wconf 90' lang='lat' dir='ltr'>edimur</span> <span class='ocrx_word' id='word_1_433' title='bbox 1031 4087 1068 4138; x_wconf 87' lang='lat' dir='ltr'>ad</span> <span class='ocrx_word' id='word_1_434' title='bbox 1102 4085 1311 4154; x_wconf 87' lang='lat' dir='ltr'>inscriptionem</span> 
     </span>
     <span class='ocr_line' id='line_1_50' title="bbox 284 4152 1311 4227; baseline -0.006 -17"><span class='ocrx_word' id='word_1_435' title='bbox 284 4161 348 4227; x_wconf 85' lang='lat' dir='ltr'>tque</span> <span class='ocrx_word' id='word_1_436' title='bbox 360 4158 506 4225; x_wconf 87' lang='lat' dir='ltr'>connexio,</span> <span class='ocrx_word' id='word_1_437' title='bbox 526 4159 655 4227; x_wconf 90' lang='lat' dir='ltr'>adeoque</span> <span class='ocrx_word' id='word_1_438' title='bbox 666 4174 757 4211; x_wconf 90' lang='lat' dir='ltr'>sermo</span> <span class='ocrx_word' id='word_1_439' title='bbox 777 4157 867 4225; x_wconf 90' lang='lat' dir='ltr'>episto</span> <span class='ocrx_word' id='word_1_440' title='bbox 881 4172 967 4208; x_wconf 91' lang='lat' dir='ltr'>arum.</span> <span class='ocrx_word' id='word_1_441' title='bbox 998 4153 1035 4205; x_wconf 86' lang='lat' dir='ltr'>Et</span> <span class='ocrx_word' id='word_1_442' title='bbox 1043 4171 1189 4205; x_wconf 80' lang='lat' dir='ltr'>sermonum</span> <span class='ocrx_word' id='word_1_443' title='bbox 1200 4152 1311 4222; x_wconf 89' lang='lat' dir='ltr'>quidem</span> 
     </span>
     <span class='ocr_line' id='line_1_51' title="bbox 285 4221 1311 4299; baseline -0.004 -21"><span class='ocrx_word' id='word_1_444' title='bbox 285 4223 338 4279; x_wconf 87' lang='lat' dir='ltr'>lica</span> <span class='ocrx_word' id='word_1_445' title='bbox 348 4226 462 4280; x_wconf 88' lang='lat' dir='ltr'>licentia</span> <span class='ocrx_word' id='word_1_446' title='bbox 472 4226 651 4280; x_wconf 81' lang='lat' dir='ltr'>acrarietate</span> <span class='ocrx_word' id='word_1_447' title='bbox 666 4226 721 4278; x_wconf 93' lang='lat' dir='ltr'>huc</span> <span class='ocrx_word' id='word_1_448' title='bbox 732 4231 759 4278; x_wconf 92' lang='lat' dir='ltr'>et</span> <span class='ocrx_word' id='word_1_449' title='bbox 777 4240 879 4277; x_wconf 94' lang='lat' dir='ltr'>nomen</span> <span class='ocrx_word' id='word_1_450' title='bbox 888 4223 917 4274; x_wconf 95' lang='lat' dir='ltr'>in</span> <span class='ocrx_word' id='word_1_451' title='bbox 931 4221 1067 4299; x_wconf 82' lang='lat' dir='ltr'>epistolas</span> <span class='ocrx_word' id='word_1_452' title='bbox 1083 4236 1195 4298; x_wconf 89' lang='lat' dir='ltr'>quoquc</span> <span class='ocrx_word' id='word_1_453' title='bbox 1211 4236 1311 4299; x_wconf 78' lang='lat' dir='ltr'>conve-</span> 
     </span>
     <span class='ocr_line' id='line_1_52' title="bbox 286 4287 1311 4362; baseline -0.002 -18"><span class='ocrx_word' id='word_1_454' title='bbox 286 4292 418 4362; x_wconf 66' lang='lat' dir='ltr'>rsaretur,</span> <span class='ocrx_word' id='word_1_455' title='bbox 433 4301 528 4348; x_wconf 92' lang='lat' dir='ltr'>tamen</span> <span class='ocrx_word' id='word_1_456' title='bbox 546 4312 630 4347; x_wconf 90' lang='lat' dir='ltr'>unum</span> <span class='ocrx_word' id='word_1_457' title='bbox 649 4309 759 4361; x_wconf 89' lang='lat' dir='ltr'>semper</span> <span class='ocrx_word' id='word_1_458' title='bbox 776 4292 846 4360; x_wconf 90' lang='lat' dir='ltr'>nire,</span> <span class='ocrx_word' id='word_1_459' title='bbox 859 4306 951 4357; x_wconf 90' lang='lat' dir='ltr'>nemo,</span> <span class='ocrx_word' id='word_1_460' title='bbox 966 4304 1075 4357; x_wconf 87' lang='lat' dir='ltr'>oprnor,</span> <span class='ocrx_word' id='word_1_461' title='bbox 1094 4287 1245 4355; x_wconf 80' lang='lat' dir='ltr'>dubitabit,</span> <span class='ocrx_word' id='word_1_462' title='bbox 1264 4289 1311 4358; x_wconf 90' lang='lat' dir='ltr'>qui</span> 
     </span>
     <span class='ocr_line' id='line_1_53' title="bbox 287 4356 1311 4476; baseline -0.004 -61"><span class='ocrx_word' id='word_1_463' title='bbox 287 4368 418 4416; x_wconf 67' lang='lat' dir='ltr'>[mentum</span> <span class='ocrx_word' id='word_1_464' title='bbox 435 4378 576 4432; x_wconf 89' lang='lat' dir='ltr'>unamque</span> <span class='ocrx_word' id='word_1_465' title='bbox 592 4362 759 4417; x_wconf 87' lang='lat' dir='ltr'>sententiam</span> <span class='ocrx_word' id='word_1_466' title='bbox 778 4375 914 4431; x_wconf 88' lang='lat' dir='ltr'>quasnam</span> <span class='ocrx_word' id='word_1_467' title='bbox 929 4357 965 4410; x_wconf 95' lang='lat' dir='ltr'>ob</span> <span class='ocrx_word' id='word_1_468' title='bbox 982 4372 1097 4409; x_wconf 89' lang='lat' dir='ltr'>caussas</span> <span class='ocrx_word' id='word_1_469' title='bbox 1112 4362 1198 4476; x_wconf 77' lang='lat' dir='ltr'>poeta</span> <span class='ocrx_word' id='word_1_470' title='bbox 1212 4356 1311 4411; x_wconf 86' lang='lat' dir='ltr'>satiras</span> 
     </span>
     <span class='ocr_line' id='line_1_54' title="bbox 289 4424 1311 4503; baseline -0.004 -20"><span class='ocrx_word' id='word_1_471' title='bbox 289 4447 363 4501; x_wconf 67' lang='lat' dir='ltr'>lnam</span> <span class='ocrx_word' id='word_1_472' title='bbox 369 4430 529 4499; x_wconf 90' lang='lat' dir='ltr'>primariam</span> <span class='ocrx_word' id='word_1_473' title='bbox 540 4430 594 4484; x_wconf 90' lang='lat' dir='ltr'>sibi</span> <span class='ocrx_word' id='word_1_474' title='bbox 604 4430 759 4484; x_wconf 87' lang='lat' dir='ltr'>subiectam</span> <span class='ocrx_word' id='word_1_475' title='bbox 778 4443 890 4499; x_wconf 89' lang='lat' dir='ltr'>quoquc</span> <span class='ocrx_word' id='word_1_476' title='bbox 901 4443 966 4479; x_wconf 88' lang='lat' dir='ltr'>suas</span> <span class='ocrx_word' id='word_1_477' title='bbox 980 4424 1020 4478; x_wconf 90' lang='lat' dir='ltr'>ita</span> <span class='ocrx_word' id='word_1_478' title='bbox 1033 4425 1118 4503; x_wconf 76' lang='lat' dir='ltr'>appel</span> <span class='ocrx_word' id='word_1_479' title='bbox 1131 4426 1220 4478; x_wconf 88' lang='lat' dir='ltr'>andes</span> <span class='ocrx_word' id='word_1_480' title='bbox 1230 4431 1311 4495; x_wconf 89' lang='lat' dir='ltr'>puta-</span> 
     </span>
     <span class='ocr_line' id='line_1_55' title="bbox 290 4492 1310 4569; baseline -0.005 -16"><span class='ocrx_word' id='word_1_481' title='bbox 290 4503 343 4569; x_wconf 70' lang='lat' dir='ltr'>rnt,</span> <span class='ocrx_word' id='word_1_482' title='bbox 375 4515 486 4569; x_wconf 87' lang='lat' dir='ltr'>semper</span> <span class='ocrx_word' id='word_1_483' title='bbox 511 4498 552 4553; x_wconf 87' lang='lat' dir='ltr'>ita</span> <span class='ocrx_word' id='word_1_484' title='bbox 579 4503 758 4568; x_wconf 84' lang='lat' dir='ltr'>comparatae</span> <span class='ocrx_word' id='word_1_485' title='bbox 777 4495 856 4566; x_wconf 84' lang='lat' dir='ltr'>verit,</span> <span class='ocrx_word' id='word_1_486' title='bbox 874 4496 948 4551; x_wconf 90' lang='lat' dir='ltr'>benc</span> <span class='ocrx_word' id='word_1_487' title='bbox 962 4492 1125 4548; x_wconf 90' lang='lat' dir='ltr'>memmerit.</span> <span class='ocrx_word' id='word_1_488' title='bbox 1161 4493 1232 4550; x_wconf 91' lang='lat' dir='ltr'>Nam</span> <span class='ocrx_word' id='word_1_489' title='bbox 1246 4511 1310 4548; x_wconf 94' lang='lat' dir='ltr'>con-</span> 
     </span>
    </p>
   </div>
   <div class='ocr_carea' id='block_1_5' title="bbox 0 0 1625 5442">
    <p class='ocr_par' dir='ltr' id='par_1_6' title="bbox 0 0 1625 5442">
     <span class='ocr_line' id='line_1_56' title="bbox 0 0 1625 5442; baseline 0 0"><span class='ocrx_word' id='word_1_490' title='bbox 0 0 1625 5442; x_wconf 95' lang='lat' dir='ltr'> </span> 
     </span>
    </p>
   </div>
  </div>
 </body>
</html>
