3225 5442
633 694 666 757 Q.
682 691 843 746 HORATII
856 689 996 746 FLACOI

675 939 873 998 OARMEN
895 939 955 998 IV.

619 1081 768 1131 nasim
795 1081 1004 1131 risunns.

450 1208 584 1291 Qualem
601 1207 777 1271 ministrum
796 1206 936 1269 fulminis
955 1206 1070 1283 alitem,

449 1303 500 1366 cui
515 1325 572 1367 rex
589 1302 719 1365 deorum
736 1322 869 1385 regnum
887 1300 919 1363 in
937 1322 1012 1364 aves
1031 1323 1129 1386 vagas

491 1395 645 1481 permisit,
666 1403 813 1478 expertus
832 1393 956 1457 fidelem

535 1488 675 1573 Iuppiter
692 1488 725 1550 in
744 1484 930 1572 Ganymede
947 1487 1038 1564 flavo,

450 1627 525 1690 olim
541 1626 685 1689 iuventas
704 1635 735 1688 et
753 1623 871 1708 patrius
889 1624 980 1709 vigor

450 1722 523 1784 nido
541 1719 684 1784 laborum
701 1719 839 1805 propulit
856 1719 1000 1793 inscium,

492 1814 654 1897 vernique,
673 1815 736 1878 iam
753 1804 868 1878 nimbis
887 1814 1025 1889 remotis,

535 1909 677 1973 insolitos
696 1908 830 1972 docuere
847 1908 935 1971 nisus

449 2046 534 2109 venti
551 2056 731 2130 paventem,
749 2067 826 2112 mox
843 2044 875 2107 in
893 2044 988 2108 ovilia
1057 2055 1063 2067 '

450 2139 575 2203 demisit
592 2139 715 2203 hostem
732 2138 857 2203 vividus
875 2138 1021 2222 impetus,

492 2233 625 2297 nuncin
642 2232 830 2297 reluctantes
849 2232 1000 2296 dracones

535 2327 601 2412 egit
618 2348 706 2391 amor
723 2327 813 2412 dapis
831 2335 924 2409 atque
942 2348 1082 2413 pugnae3

450 2463 614 2546 qualemve
632 2462 721 2527 laetis
740 2485 853 2547 caprea
870 2462 996 2547 pascuis

451 2556 569 2620 intenta
586 2557 691 2622 fulvae
709 2558 817 2621 matris
835 2556 875 2620 ab
893 2555 989 2621 ubere

494 2652 557 2715 iam
574 2651 654 2716 lacte
672 2651 840 2736 depulsum
856 2651 987 2727 leonem,

537 2745 628 2810 dente
645 2768 727 2811 novo
744 2745 895 2830 peritura,
914 2745 1005 2808 vidit:

452 2882 557 2946 videre
579 2881 709 2945 Rhaetis
728 2881 811 2946 bella
829 2881 888 2946 sub
906 2879 1044 2967 Alpibus

451 2975 593 3040 Drusum
610 2986 770 3061 gerentem
788 2974 959 3053 Vindelici3
978 3014 1020 3022 —-
1038 2976 1153 3058 quibus

494 3092 563 3133 mos
581 3070 665 3133 unde
683 3069 835 3133 deductus
854 3091 911 3153 per
926 3091 1019 3133 omne

538 3172 666 3247 tempus
680 3161 858 3226 Amazonia
876 3164 977 3227 securi
1054 3218 1058 3224 .
1142 3167 1150 3176 ”

452 3300 577 3364 dextras
596 3299 749 3374 obarmet‚
769 3320 918 3381 quaerere
936 3299 1052 3376 distuli,

451 3415 510 3458 nec
528 3394 607 3459 scire
624 3393 674 3458 fas
692 3403 741 3458 est
758 3392 876 3469 omnia3
895 3431 937 3439 -
956 3394 1012 3457 sed
1030 3394 1084 3457 diu

494 3486 618 3569 lateque
636 3488 779 3551 victrices
799 3497 942 3550 catervae

538 3582 675 3646 consiliis
692 3581 814 3646 iuvenis
832 3580 967 3653 revictae

453 3740 593 3796 sensere,
612 3720 688 3802 quid
705 3742 793 3783 mens
812 3718 883 3794 rite,
902 3717 978 3800 quid
994 3717 1116 3781 indoles

452 3812 568 3876 nutrita
585 3813 697 3878 faustis
717 3812 775 3878 sub
793 3810 1004 3897 penetralibus

494 3916 616 3991 posset,
635 3908 711 3989 quid
728 3906 869 3991 Augusti
886 3914 1035 3991 paternus

536 4000 570 4064 in
586 4023 700 4085 pueros
719 4000 841 4064 animus
859 3998 1009 4063 Nerones.

453 4138 549 4202 fortes
568 4148 712 4202 creantur
728 4138 862 4203 fortibus
881 4147 912 4201 et
929 4137 1050 4214 bonis3·

453 4233 550 4297 estin
567 4233 721 4309 iuvencis,
741 4242 789 4297 est
806 4233 839 4295 in
857 4232 945 4314 equis
963 4239 1088 4315 patrum

495 4327 608 4404 virtus,
626 4349 685 4391 nec
702 4326 859 4391 imbellem
877 4325 997 4391 feroces

537 4435 746 4506 progenerant
763 4419 885 4502 aquilae
904 4419 1080 4485 columbam
1086 4443 1094 4495 3
