3225 5442
452 726 660 784 CARMINUM
677 725 752 791 LIB.
767 728 789 781 l.

256 887 392 954 dissolve
410 885 511 972 frigus
528 884 615 970 ligna
633 906 727 969 super
743 882 816 948 foco

256 983 343 1067 large
359 1001 529 1065 reponens,
548 987 641 1060 atque
658 977 825 1063 benignius

299 1076 447 1161 deprome
465 1071 663 1155 quadrimum
683 1069 812 1148 Sabina,

341 1190 359 1232 o
378 1165 578 1240 Thaliarche,
597 1187 718 1228 memm
735 1165 829 1229 diota.

255 1304 399 1390 permitte
416 1301 497 1367 divis
516 1313 634 1378 cetera,
651 1301 707 1384 qui
725 1301 818 1365 simul

256 1408 394 1464 stravere
411 1405 521 1461 ventos
539 1415 674 1478 aequore
691 1395 813 1459 fervido

298 1490 539 1578 deprocliantes,
557 1510 616 1553 nec
634 1490 774 1574 cupressi

245 1594 248 1600 '
341 1606 399 1649 nec
416 1593 537 1649 veteres
556 1583 713 1669 agitantur
729 1584 806 1647 orni.

256 1722 330 1806 quid
348 1722 389 1786 sit
405 1720 546 1785 futurum
564 1741 648 1796 cras,
668 1720 744 1805 fuge
762 1742 928 1803 quaerere,
947 1733 979 1785 et

256 1839 350 1899 quem
367 1814 433 1880 fors
451 1814 572 1878 dierum
590 1835 724 1896 cumque
742 1813 844 1890 dabit,
863 1814 949 1879 lucro

298 1930 435 1994 appone,
454 1930 513 1972 nec
531 1906 638 1971 dulces
657 1929 778 1971 amores

342 2024 454 2087 sperne
471 2023 550 2086 puer
566 2022 668 2083 neque
686 2012 721 2064 tu
739 2000 879 2079 choreas,

234 2222 236 2226 .
256 2139 355 2203 donec
373 2137 485 2202 virenti
503 2137 633 2201 canities
651 2135 741 2201 abest

215 2305 219 2313 ⁸
256 2255 388 2297 morosa
406 2240 538 2295 nuncet
556 2252 685 2316 campus
704 2240 736 2295 et
753 2253 844 2295 areae

298 2328 447 2409 lenesque
466 2324 525 2389 sub
543 2334 666 2390 noctem
685 2326 804 2389 susurri

340 2419 514 2505 composita
530 2427 710 2504 repetantur
726 2419 817 2497 hora3

255 2577 338 2619 nunc
355 2564 386 2619 et
403 2554 527 2619 latentis
546 2554 686 2639 proditor
702 2556 812 2621 intimo

256 2658 363 2736 gratus
380 2648 504 2735 puellae
522 2648 604 2713 risus
622 2649 662 2713 ab
680 2651 796 2735 angulo

297 2742 474 2831 pignusque
492 2742 655 2827 dereptum
672 2744 795 2808 lacertis

340 2846 394 2905 aut
411 2838 510 2927 digito
527 2837 609 2905 male
626 2838 785 2926 pertinaci.

406 3144 411 3153 ‚
475 3049 686 3128 'unauna
707 3068 752 3125 x.

380 3210 533 3263 HYMNUS
553 3212 605 3260 AD
624 3209 858 3261 MERCURIUM.

277 3334 429 3413 Mercuri,
448 3334 583 3400 facunde
600 3358 700 3420 nepos
717 3334 866 3413 Atlantis,

276 3429 331 3512 qui
347 3428 432 3493 feros
451 3428 552 3493 cultus
570 3429 733 3493 hominum
750 3440 910 3495 recentum

277 3544 354 3587 voce
371 3522 513 3587 formasti
531 3532 619 3588 catus
637 3533 669 3588 et
686 3525 817 3590 decorae

341 3638 427 3681 more
444 3616 628 3701 palaestrae,

275 3764 306 3834 te
324 3776 450 3833 canam,
467 3757 574 3842 magni
592 3756 678 3821 Iovis
696 3766 728 3821 et
745 3757 873 3822 deorum

275 3848 426 3913 nuncium
442 3871 618 3933 curvaeque
635 3851 722 3935 lyrae
740 3862 909 3936 parentem,

276 3943 438 4021 callidum,
456 3944 608 4027 quidquid
625 3946 756 4031 placuit,
774 3946 881 4010 iocoso

340 4039 475 4104 condere
492 4038 586 4104 furto.

208 4185 218 4194 ''
248 4171 253 4177 ’
277 4181 323 4252 te,
340 4174 439 4240 boves
457 4174 532 4240 olim
549 4176 610 4240 nisi
627 4175 817 4240 reddidisses

275 4289 333 4352 per
350 4269 456 4333 dolum
474 4281 609 4347 amotas,
627 4291 759 4353 puerum
776 4268 891 4334 minaci

277 4383 355 4426 voce
371 4362 447 4426 dum
465 4372 573 4439 torret,
592 4363 706 4427 xiduus
724 4362 869 4447 pharetra

341 4456 408 4521 risit
425 4454 551 4541 Apollo.
