<?xml version="1.0" encoding="UTF-8"?>
<!DOCTYPE html PUBLIC "-//W3C//DTD XHTML 1.0 Transitional//EN"
    "http://www.w3.org/TR/xhtml1/DTD/xhtml1-transitional.dtd">
<html xmlns="http://www.w3.org/1999/xhtml" xml:lang="en" lang="en">
 <head>
  <title>
</title>
<meta http-equiv="Content-Type" content="text/html;charset=utf-8" />
  <meta name='ocr-system' content='tesseract 3.04.00' />
  <meta name='ocr-capabilities' content='ocr_page ocr_carea ocr_par ocr_line ocrx_word'/>
</head>
<body>
  <div class='ocr_page' id='page_1' title='image "./qhoratiiflaccio00stalgoog/qhoratiiflaccio00stalgoog_0165.png"; bbox 0 0 3225 5442; ppageno 0'>
   <div class='ocr_carea' id='block_1_1' title="bbox 417 711 782 770">
    <p class='ocr_par' dir='ltr' id='par_1_1' title="bbox 417 711 782 770">
     <span class='ocr_line' id='line_1_1' title="bbox 417 711 782 770; baseline 0 -3"><span class='ocrx_word' id='word_1_1' title='bbox 417 712 623 770; x_wconf 80' lang='lat' dir='ltr'><strong>CARMINUM</strong></span> <span class='ocrx_word' id='word_1_2' title='bbox 641 711 715 767; x_wconf 71' lang='grc' dir='ltr'>ΜΒ.</span> <span class='ocrx_word' id='word_1_3' title='bbox 729 713 782 768; x_wconf 90' lang='lat' dir='ltr'>Ill.</span> 
     </span>
    </p>
   </div>
   <div class='ocr_carea' id='block_1_2' title="bbox 255 870 871 1241">
    <p class='ocr_par' dir='ltr' id='par_1_2' title="bbox 256 870 871 955">
     <span class='ocr_line' id='line_1_2' title="bbox 256 870 871 955; baseline -0.005 -17"><span class='ocrx_word' id='word_1_4' title='bbox 256 873 312 938; x_wconf 89' lang='lat' dir='ltr'>sed</span> <span class='ocrx_word' id='word_1_5' title='bbox 329 872 433 948; x_wconf 87' lang='lat' dir='ltr'>vides,</span> <span class='ocrx_word' id='word_1_6' title='bbox 452 880 569 953; x_wconf 86' lang='lat' dir='ltr'>quanto</span> <span class='ocrx_word' id='word_1_7' title='bbox 587 870 719 955; x_wconf 82' lang='lat' dir='ltr'><strong>trepidet</strong></span> <span class='ocrx_word' id='word_1_8' title='bbox 736 872 871 935; x_wconf 80' lang='lat' dir='ltr'>tumultu</span> 
     </span>
    </p>

    <p class='ocr_par' dir='ltr' id='par_1_3' title="bbox 255 963 820 1051">
     <span class='ocr_line' id='line_1_3' title="bbox 255 963 820 1051; baseline -0.004 -21"><span class='ocrx_word' id='word_1_9' title='bbox 255 989 372 1051; x_wconf 90' lang='lat' dir='ltr'>pronus</span> <span class='ocrx_word' id='word_1_10' title='bbox 392 963 503 1030; x_wconf 88' lang='lat' dir='ltr'>Orion.</span> <span class='ocrx_word' id='word_1_11' title='bbox 523 986 583 1050; x_wconf 89' lang='lat' dir='ltr'>ego</span> <span class='ocrx_word' id='word_1_12' title='bbox 601 963 676 1047; x_wconf 88' lang='lat' dir='ltr'>quid</span> <span class='ocrx_word' id='word_1_13' title='bbox 695 965 736 1028; x_wconf 88' lang='lat' dir='ltr'>sit</span> <span class='ocrx_word' id='word_1_14' title='bbox 752 974 820 1029; x_wconf 87' lang='lat' dir='ltr'>ater</span> 
     </span>
    </p>

    <p class='ocr_par' dir='ltr' id='par_1_4' title="bbox 256 1059 845 1241">
     <span class='ocr_line' id='line_1_4' title="bbox 256 1059 845 1142; baseline 0 -17"><span class='ocrx_word' id='word_1_15' title='bbox 256 1061 396 1125; x_wconf 82' lang='lat' dir='ltr'>Hadriae</span> <span class='ocrx_word' id='word_1_16' title='bbox 413 1059 488 1124; x_wconf 91' lang='lat' dir='ltr'>novi</span> <span class='ocrx_word' id='word_1_17' title='bbox 505 1059 594 1124; x_wconf 89' lang='lat' dir='ltr'>sinus</span> <span class='ocrx_word' id='word_1_18' title='bbox 613 1068 643 1123; x_wconf 85' lang='lat' dir='ltr'>et</span> <span class='ocrx_word' id='word_1_19' title='bbox 661 1059 737 1142; x_wconf 91' lang='lat' dir='ltr'>quid</span> <span class='ocrx_word' id='word_1_20' title='bbox 754 1059 845 1125; x_wconf 90' lang='lat' dir='ltr'>albus</span> 
     </span>
     <span class='ocr_line' id='line_1_5' title="bbox 320 1154 557 1241; baseline -0.008 -22"><span class='ocrx_word' id='word_1_21' title='bbox 320 1163 429 1241; x_wconf 87' lang='lat' dir='ltr'>peooet</span> <span class='ocrx_word' id='word_1_22' title='bbox 445 1154 557 1239; x_wconf 83' lang='lat' dir='ltr'>Iapyx.</span> 
     </span>
    </p>
   </div>
   <div class='ocr_carea' id='block_1_3' title="bbox 256 1290 910 1657">
    <p class='ocr_par' dir='ltr' id='par_1_5' title="bbox 257 1290 824 1376">
     <span class='ocr_line' id='line_1_6' title="bbox 257 1290 824 1376; baseline -0.002 -19"><span class='ocrx_word' id='word_1_23' title='bbox 257 1292 393 1357; x_wconf 89' lang='lat' dir='ltr'>hostium</span> <span class='ocrx_word' id='word_1_24' title='bbox 411 1312 524 1355; x_wconf 87' lang='lat' dir='ltr'>uxores</span> <span class='ocrx_word' id='word_1_25' title='bbox 542 1290 694 1376; x_wconf 90' lang='lat' dir='ltr'>puerique</span> <span class='ocrx_word' id='word_1_26' title='bbox 712 1313 824 1356; x_wconf 86' lang='lat' dir='ltr'>caecos</span> 
     </span>
    </p>

    <p class='ocr_par' dir='ltr' id='par_1_6' title="bbox 257 1384 838 1461">
     <span class='ocr_line' id='line_1_7' title="bbox 257 1384 838 1461; baseline -0.003 -9"><span class='ocrx_word' id='word_1_27' title='bbox 257 1386 391 1461; x_wconf 88' lang='lat' dir='ltr'>sentiant</span> <span class='ocrx_word' id='word_1_28' title='bbox 408 1394 511 1450; x_wconf 90' lang='lat' dir='ltr'>motus</span> <span class='ocrx_word' id='word_1_29' title='bbox 529 1385 657 1450; x_wconf 88' lang='lat' dir='ltr'>orientis</span> <span class='ocrx_word' id='word_1_30' title='bbox 675 1384 787 1450; x_wconf 81' lang='lat' dir='ltr'>Austri</span> <span class='ocrx_word' id='word_1_31' title='bbox 806 1396 838 1451; x_wconf 91' lang='lat' dir='ltr'>et</span> 
     </span>
    </p>

    <p class='ocr_par' dir='ltr' id='par_1_7' title="bbox 256 1478 910 1657">
     <span class='ocr_line' id='line_1_8' title="bbox 256 1478 910 1565; baseline 0.002 -21"><span class='ocrx_word' id='word_1_32' title='bbox 256 1480 399 1563; x_wconf 90' lang='lat' dir='ltr'>aequoris</span> <span class='ocrx_word' id='word_1_33' title='bbox 417 1479 498 1565; x_wconf 83' lang='lat' dir='ltr'>nigri</span> <span class='ocrx_word' id='word_1_34' title='bbox 516 1478 675 1542; x_wconf 86' lang='lat' dir='ltr'>fremitum</span> <span class='ocrx_word' id='word_1_35' title='bbox 693 1488 725 1543; x_wconf 91' lang='lat' dir='ltr'>et</span> <span class='ocrx_word' id='word_1_36' title='bbox 742 1489 910 1546; x_wconf 89' lang='lat' dir='ltr'>trementes</span> 
     </span>
     <span class='ocr_line' id='line_1_9' title="bbox 323 1573 562 1657; baseline -0.008 -18"><span class='ocrx_word' id='word_1_37' title='bbox 323 1573 451 1639; x_wconf 87' lang='lat' dir='ltr'>verbere</span> <span class='ocrx_word' id='word_1_38' title='bbox 468 1573 562 1657; x_wconf 88' lang='lat' dir='ltr'>ripas.</span> 
     </span>
    </p>
   </div>
   <div class='ocr_carea' id='block_1_4' title="bbox 256 1702 863 2069">
    <p class='ocr_par' dir='ltr' id='par_1_8' title="bbox 260 1702 773 1787">
     <span class='ocr_line' id='line_1_10' title="bbox 260 1702 773 1787; baseline -0.002 -18"><span class='ocrx_word' id='word_1_39' title='bbox 260 1705 305 1769; x_wconf 85' lang='lat' dir='ltr'>sio</span> <span class='ocrx_word' id='word_1_40' title='bbox 323 1715 353 1768; x_wconf 91' lang='lat' dir='ltr'>et</span> <span class='ocrx_word' id='word_1_41' title='bbox 370 1703 499 1787; x_wconf 86' lang='lat' dir='ltr'>Europe</span> <span class='ocrx_word' id='word_1_42' title='bbox 517 1702 645 1766; x_wconf 92' lang='lat' dir='ltr'>niveum</span> <span class='ocrx_word' id='word_1_43' title='bbox 663 1703 773 1768; x_wconf 88' lang='lat' dir='ltr'>doloso</span> 
     </span>
    </p>

    <p class='ocr_par' dir='ltr' id='par_1_9' title="bbox 257 1796 834 1863">
     <span class='ocr_line' id='line_1_11' title="bbox 257 1796 834 1863; baseline -0.005 0"><span class='ocrx_word' id='word_1_44' title='bbox 257 1798 388 1863; x_wconf 85' lang='lat' dir='ltr'>eredidit</span> <span class='ocrx_word' id='word_1_45' title='bbox 405 1806 495 1861; x_wconf 85' lang='lat' dir='ltr'>tauro</span> <span class='ocrx_word' id='word_1_46' title='bbox 512 1796 594 1860; x_wconf 89' lang='lat' dir='ltr'>latus</span> <span class='ocrx_word' id='word_1_47' title='bbox 612 1806 644 1860; x_wconf 91' lang='lat' dir='ltr'>et</span> <span class='ocrx_word' id='word_1_48' title='bbox 661 1807 834 1862; x_wconf 85' lang='lat' dir='ltr'>scatentem</span> 
     </span>
    </p>

    <p class='ocr_par' dir='ltr' id='par_1_10' title="bbox 256 1890 863 2069">
     <span class='ocr_line' id='line_1_12' title="bbox 256 1890 863 1976; baseline -0.003 -19"><span class='ocrx_word' id='word_1_49' title='bbox 256 1891 368 1957; x_wconf 85' lang='lat' dir='ltr'>belluis</span> <span class='ocrx_word' id='word_1_50' title='bbox 385 1900 516 1976; x_wconf 90' lang='lat' dir='ltr'>pontum</span> <span class='ocrx_word' id='word_1_51' title='bbox 535 1890 717 1974; x_wconf 87' lang='lat' dir='ltr'>mediasque</span> <span class='ocrx_word' id='word_1_52' title='bbox 735 1891 863 1955; x_wconf 83' lang='lat' dir='ltr'>fiaudes</span> 
     </span>
     <span class='ocr_line' id='line_1_13' title="bbox 320 1985 562 2069; baseline 0 -21"><span class='ocrx_word' id='word_1_53' title='bbox 320 1985 431 2069; x_wconf 88' lang='lat' dir='ltr'>palluit</span> <span class='ocrx_word' id='word_1_54' title='bbox 449 1986 562 2048; x_wconf 85' lang='lat' dir='ltr'>audax.</span> 
     </span>
    </p>
   </div>
   <div class='ocr_carea' id='block_1_5' title="bbox 257 2111 860 2459">
    <p class='ocr_par' dir='ltr' id='par_1_11' title="bbox 257 2111 860 2197">
     <span class='ocr_line' id='line_1_14' title="bbox 257 2111 860 2197; baseline 0.002 -22"><span class='ocrx_word' id='word_1_55' title='bbox 257 2135 358 2197; x_wconf 84' lang='lat' dir='ltr'>nuper</span> <span class='ocrx_word' id='word_1_56' title='bbox 373 2113 407 2176; x_wconf 93' lang='lat' dir='ltr'>in</span> <span class='ocrx_word' id='word_1_57' title='bbox 423 2112 522 2197; x_wconf 88' lang='lat' dir='ltr'>pratis</span> <span class='ocrx_word' id='word_1_58' title='bbox 540 2112 681 2178; x_wconf 87' lang='lat' dir='ltr'>studiosa</span> <span class='ocrx_word' id='word_1_59' title='bbox 698 2111 811 2175; x_wconf 84' lang='lat' dir='ltr'>llonrm</span> <span class='ocrx_word' id='word_1_60' title='bbox 829 2122 860 2176; x_wconf 94' lang='lat' dir='ltr'>et</span> 
     </span>
    </p>

    <p class='ocr_par' dir='ltr' id='par_1_12' title="bbox 257 2205 829 2291">
     <span class='ocr_line' id='line_1_15' title="bbox 257 2205 829 2291; baseline 0 -21"><span class='ocrx_word' id='word_1_61' title='bbox 257 2207 380 2272; x_wconf 86' lang='lat' dir='ltr'>debitae</span> <span class='ocrx_word' id='word_1_62' title='bbox 397 2206 552 2291; x_wconf 80' lang='lat' dir='ltr'>Nymphis</span> <span class='ocrx_word' id='word_1_63' title='bbox 571 2205 679 2291; x_wconf 84' lang='lat' dir='ltr'>opifex</span> <span class='ocrx_word' id='word_1_64' title='bbox 696 2226 829 2270; x_wconf 85' lang='lat' dir='ltr'>coronae</span> 
     </span>
    </p>

    <p class='ocr_par' dir='ltr' id='par_1_13' title="bbox 257 2299 853 2459">
     <span class='ocr_line' id='line_1_16' title="bbox 257 2299 853 2383; baseline 0 -20"><span class='ocrx_word' id='word_1_65' title='bbox 257 2310 347 2365; x_wconf 87' lang='lat' dir='ltr'>nocte</span> <span class='ocrx_word' id='word_1_66' title='bbox 366 2299 515 2365; x_wconf 81' lang='lat' dir='ltr'>sublustri</span> <span class='ocrx_word' id='word_1_67' title='bbox 532 2299 609 2362; x_wconf 90' lang='lat' dir='ltr'>nihil</span> <span class='ocrx_word' id='word_1_68' title='bbox 627 2309 711 2364; x_wconf 87' lang='lat' dir='ltr'>astra</span> <span class='ocrx_word' id='word_1_69' title='bbox 728 2310 853 2383; x_wconf 86' lang='lat' dir='ltr'>praeter</span> 
     </span>
     <span class='ocr_line' id='line_1_17' title="bbox 322 2394 577 2459; baseline -0.008 0"><span class='ocrx_word' id='word_1_70' title='bbox 322 2395 401 2459; x_wconf 88' lang='lat' dir='ltr'>vidit</span> <span class='ocrx_word' id='word_1_71' title='bbox 418 2409 449 2458; x_wconf 89' lang='lat' dir='ltr'>et</span> <span class='ocrx_word' id='word_1_72' title='bbox 466 2394 577 2458; x_wconf 90' lang='lat' dir='ltr'>undas.</span> 
     </span>
    </p>
   </div>
   <div class='ocr_carea' id='block_1_6' title="bbox 256 2521 892 2883">
    <p class='ocr_par' dir='ltr' id='par_1_14' title="bbox 257 2521 892 2607">
     <span class='ocr_line' id='line_1_18' title="bbox 257 2521 892 2607; baseline 0 -21"><span class='ocrx_word' id='word_1_73' title='bbox 257 2544 337 2607; x_wconf 89' lang='lat' dir='ltr'>quae</span> <span class='ocrx_word' id='word_1_74' title='bbox 355 2521 449 2586; x_wconf 91' lang='lat' dir='ltr'>simul</span> <span class='ocrx_word' id='word_1_75' title='bbox 466 2531 591 2585; x_wconf 85' lang='lat' dir='ltr'>eentum</span> <span class='ocrx_word' id='word_1_76' title='bbox 609 2521 709 2607; x_wconf 86' lang='lat' dir='ltr'>tetigit</span> <span class='ocrx_word' id='word_1_77' title='bbox 730 2532 892 2606; x_wconf 88' lang='lat' dir='ltr'>potentem</span> 
     </span>
    </p>

    <p class='ocr_par' dir='ltr' id='par_1_15' title="bbox 257 2614 870 2701">
     <span class='ocr_line' id='line_1_19' title="bbox 257 2614 870 2701; baseline -0.002 -20"><span class='ocrx_word' id='word_1_78' title='bbox 257 2616 379 2701; x_wconf 92' lang='lat' dir='ltr'>oppidis</span> <span class='ocrx_word' id='word_1_79' title='bbox 399 2614 529 2680; x_wconf 85' lang='lat' dir='ltr'>Creten:</span> <span class='ocrx_word' id='word_1_80' title='bbox 549 2625 671 2700; x_wconf 88' lang='lat' dir='ltr'>„pater,</span> <span class='ocrx_word' id='word_1_81' title='bbox 690 2638 710 2681; x_wconf 86' lang='grc' dir='ltr'>ο</span> <span class='ocrx_word' id='word_1_82' title='bbox 727 2616 870 2681; x_wconf 87' lang='lat' dir='ltr'>relictum</span> 
     </span>
    </p>

    <p class='ocr_par' dir='ltr' id='par_1_16' title="bbox 256 2710 809 2883">
     <span class='ocr_line' id='line_1_20' title="bbox 256 2710 809 2795; baseline 0 -20"><span class='ocrx_word' id='word_1_83' title='bbox 256 2712 337 2777; x_wconf 89' lang='lat' dir='ltr'>filiae</span> <span class='ocrx_word' id='word_1_84' title='bbox 355 2733 483 2787; x_wconf 89' lang='lat' dir='ltr'>nomen,</span> <span class='ocrx_word' id='word_1_85' title='bbox 501 2710 699 2795; x_wconf 88' lang='lat' dir='ltr'>pietasque‚“</span> <span class='ocrx_word' id='word_1_86' title='bbox 719 2711 809 2788; x_wconf 83' lang='lat' dir='ltr'>dixit,</span> 
     </span>
     <span class='ocr_line' id='line_1_21' title="bbox 322 2802 562 2883; baseline -0.004 -15"><span class='ocrx_word' id='word_1_87' title='bbox 322 2805 425 2883; x_wconf 84' lang='lat' dir='ltr'>„victa</span> <span class='ocrx_word' id='word_1_88' title='bbox 442 2802 562 2868; x_wconf 85' lang='lat' dir='ltr'>furorel</span> 
     </span>
    </p>
   </div>
   <div class='ocr_carea' id='block_1_7' title="bbox 256 2929 917 3300">
    <p class='ocr_par' dir='ltr' id='par_1_17' title="bbox 256 2929 876 3015">
     <span class='ocr_line' id='line_1_22' title="bbox 256 2929 876 3015; baseline 0.002 -20"><span class='ocrx_word' id='word_1_89' title='bbox 256 2932 339 2996; x_wconf 88' lang='lat' dir='ltr'>unde</span> <span class='ocrx_word' id='word_1_90' title='bbox 358 2953 420 3015; x_wconf 91' lang='lat' dir='ltr'>quo</span> <span class='ocrx_word' id='word_1_91' title='bbox 438 2930 529 2995; x_wconf 84' lang='lat' dir='ltr'>veni?</span> <span class='ocrx_word' id='word_1_92' title='bbox 545 2929 624 2994; x_wconf 90' lang='lat' dir='ltr'>levis</span> <span class='ocrx_word' id='word_1_93' title='bbox 642 2954 706 2995; x_wconf 90' lang='lat' dir='ltr'>una</span> <span class='ocrx_word' id='word_1_94' title='bbox 722 2953 808 2996; x_wconf 91' lang='lat' dir='ltr'>mors</span> <span class='ocrx_word' id='word_1_95' title='bbox 828 2942 876 2996; x_wconf 88' lang='lat' dir='ltr'>est</span> 
     </span>
    </p>

    <p class='ocr_par' dir='ltr' id='par_1_18' title="bbox 256 3024 853 3112">
     <span class='ocr_line' id='line_1_23' title="bbox 256 3024 853 3112; baseline 0 -23"><span class='ocrx_word' id='word_1_96' title='bbox 256 3026 414 3112; x_wconf 84' lang='lat' dir='ltr'>virginum</span> <span class='ocrx_word' id='word_1_97' title='bbox 432 3024 552 3110; x_wconf 86' lang='lat' dir='ltr'>culpae.</span> <span class='ocrx_word' id='word_1_98' title='bbox 571 3024 747 3111; x_wconf 80' lang='lat' dir='ltr'>vigilansne</span> <span class='ocrx_word' id='word_1_99' title='bbox 763 3025 853 3110; x_wconf 93' lang='lat' dir='ltr'>ploro</span> 
     </span>
    </p>

    <p class='ocr_par' dir='ltr' id='par_1_19' title="bbox 257 3118 917 3300">
     <span class='ocr_line' id='line_1_24' title="bbox 257 3118 917 3204; baseline -0.002 -21"><span class='ocrx_word' id='word_1_100' title='bbox 257 3129 346 3204; x_wconf 88' lang='lat' dir='ltr'>turpe</span> <span class='ocrx_word' id='word_1_101' title='bbox 363 3119 581 3195; x_wconf 84' lang='lat' dir='ltr'>commissum,</span> <span class='ocrx_word' id='word_1_102' title='bbox 600 3142 641 3182; x_wconf 87' lang='lat' dir='ltr'>an</span> <span class='ocrx_word' id='word_1_103' title='bbox 658 3118 742 3182; x_wconf 87' lang='lat' dir='ltr'>vitiis</span> <span class='ocrx_word' id='word_1_104' title='bbox 761 3128 917 3184; x_wconf 83' lang='lat' dir='ltr'>carentem</span> 
     </span>
     <span class='ocr_line' id='line_1_25' title="bbox 319 3213 521 3300; baseline 0.015 -24"><span class='ocrx_word' id='word_1_105' title='bbox 319 3214 400 3277; x_wconf 87' lang='lat' dir='ltr'>ludit</span> <span class='ocrx_word' id='word_1_106' title='bbox 416 3213 521 3300; x_wconf 83' lang='lat' dir='ltr'>imago</span> 
     </span>
    </p>
   </div>
   <div class='ocr_carea' id='block_1_8' title="bbox 256 3339 842 3709">
    <p class='ocr_par' dir='ltr' id='par_1_20' title="bbox 256 3339 842 3426">
     <span class='ocr_line' id='line_1_26' title="bbox 256 3339 842 3426; baseline 0.002 -21"><span class='ocrx_word' id='word_1_107' title='bbox 256 3365 351 3419; x_wconf 86' lang='lat' dir='ltr'>vana,</span> <span class='ocrx_word' id='word_1_108' title='bbox 371 3364 452 3425; x_wconf 88' lang='lat' dir='ltr'>quae</span> <span class='ocrx_word' id='word_1_109' title='bbox 469 3350 560 3426; x_wconf 88' lang='lat' dir='ltr'>porta</span> <span class='ocrx_word' id='word_1_110' title='bbox 577 3340 704 3426; x_wconf 88' lang='lat' dir='ltr'>fugiens</span> <span class='ocrx_word' id='word_1_111' title='bbox 723 3339 842 3406; x_wconf 89' lang='lat' dir='ltr'>eburna</span> 
     </span>
    </p>

    <p class='ocr_par' dir='ltr' id='par_1_21' title="bbox 256 3434 836 3500">
     <span class='ocr_line' id='line_1_27' title="bbox 256 3434 836 3500; baseline -0.002 0"><span class='ocrx_word' id='word_1_112' title='bbox 256 3436 412 3500; x_wconf 91' lang='lat' dir='ltr'>somnium</span> <span class='ocrx_word' id='word_1_113' title='bbox 430 3435 534 3499; x_wconf 84' lang='lat' dir='ltr'>ducit?</span> <span class='ocrx_word' id='word_1_114' title='bbox 552 3434 704 3499; x_wconf 89' lang='lat' dir='ltr'>meliusne</span> <span class='ocrx_word' id='word_1_115' title='bbox 722 3434 836 3499; x_wconf 86' lang='lat' dir='ltr'>fluctus</span> 
     </span>
    </p>

    <p class='ocr_par' dir='ltr' id='par_1_22' title="bbox 256 3529 815 3709">
     <span class='ocr_line' id='line_1_28' title="bbox 256 3529 815 3615; baseline -0.002 -20"><span class='ocrx_word' id='word_1_116' title='bbox 256 3530 301 3595; x_wconf 89' lang='lat' dir='ltr'>ire</span> <span class='ocrx_word' id='word_1_117' title='bbox 318 3552 375 3614; x_wconf 89' lang='lat' dir='ltr'>per</span> <span class='ocrx_word' id='word_1_118' title='bbox 392 3529 503 3615; x_wconf 86' lang='lat' dir='ltr'>longos</span> <span class='ocrx_word' id='word_1_119' title='bbox 522 3529 596 3606; x_wconf 89' lang='lat' dir='ltr'>fuit,</span> <span class='ocrx_word' id='word_1_120' title='bbox 616 3552 656 3593; x_wconf 87' lang='lat' dir='ltr'>an</span> <span class='ocrx_word' id='word_1_121' title='bbox 673 3538 815 3594; x_wconf 83' lang='lat' dir='ltr'>recentes</span> 
     </span>
     <span class='ocr_line' id='line_1_29' title="bbox 322 3622 577 3709; baseline -0.008 -21"><span class='ocrx_word' id='word_1_122' title='bbox 322 3645 448 3709; x_wconf 87' lang='lat' dir='ltr'>carpere</span> <span class='ocrx_word' id='word_1_123' title='bbox 465 3622 577 3687; x_wconf 86' lang='lat' dir='ltr'>fiores?</span> 
     </span>
    </p>
   </div>
   <div class='ocr_carea' id='block_1_9' title="bbox 255 3750 920 4128">
    <p class='ocr_par' dir='ltr' id='par_1_23' title="bbox 256 3750 920 3835">
     <span class='ocr_line' id='line_1_30' title="bbox 256 3750 920 3835; baseline 0 -20"><span class='ocrx_word' id='word_1_124' title='bbox 256 3752 284 3816; x_wconf 89' lang='lat' dir='ltr'>si</span> <span class='ocrx_word' id='word_1_125' title='bbox 300 3752 371 3835; x_wconf 91' lang='lat' dir='ltr'>quis</span> <span class='ocrx_word' id='word_1_126' title='bbox 389 3751 540 3817; x_wconf 88' lang='lat' dir='ltr'>infamem</span> <span class='ocrx_word' id='word_1_127' title='bbox 557 3750 635 3814; x_wconf 88' lang='lat' dir='ltr'>mihi</span> <span class='ocrx_word' id='word_1_128' title='bbox 652 3773 736 3815; x_wconf 86' lang='lat' dir='ltr'>nuno</span> <span class='ocrx_word' id='word_1_129' title='bbox 753 3752 920 3816; x_wconf 87' lang='lat' dir='ltr'>iuvencum</span> 
     </span>
    </p>

    <p class='ocr_par' dir='ltr' id='par_1_24' title="bbox 255 3845 782 3923">
     <span class='ocr_line' id='line_1_31' title="bbox 255 3845 782 3923; baseline 0 -14"><span class='ocrx_word' id='word_1_130' title='bbox 255 3846 350 3909; x_wconf 86' lang='lat' dir='ltr'>dedat</span> <span class='ocrx_word' id='word_1_131' title='bbox 366 3846 477 3923; x_wconf 83' lang='lat' dir='ltr'>iratae,</span> <span class='ocrx_word' id='word_1_132' title='bbox 496 3845 632 3909; x_wconf 78' lang='lat' dir='ltr'>lacerare</span> <span class='ocrx_word' id='word_1_133' title='bbox 650 3846 733 3910; x_wconf 88' lang='lat' dir='ltr'>ferro</span> <span class='ocrx_word' id='word_1_134' title='bbox 751 3855 782 3909; x_wconf 90' lang='lat' dir='ltr'>et</span> 
     </span>
    </p>

    <p class='ocr_par' dir='ltr' id='par_1_25' title="bbox 256 3939 893 4128">
     <span class='ocr_line' id='line_1_32' title="bbox 256 3939 893 4025; baseline 0 -22"><span class='ocrx_word' id='word_1_135' title='bbox 256 3939 400 4025; x_wconf 82' lang='lat' dir='ltr'>frangere</span> <span class='ocrx_word' id='word_1_136' title='bbox 418 3940 517 4004; x_wconf 90' lang='lat' dir='ltr'>enitar</span> <span class='ocrx_word' id='word_1_137' title='bbox 533 3940 628 4004; x_wconf 90' lang='lat' dir='ltr'>modo</span> <span class='ocrx_word' id='word_1_138' title='bbox 645 3940 779 4003; x_wconf 88' lang='lat' dir='ltr'>multum</span> <span class='ocrx_word' id='word_1_139' title='bbox 797 3940 893 4003; x_wconf 91' lang='lat' dir='ltr'>amati</span> 
     </span>
     <span class='ocr_line' id='line_1_33' title="bbox 321 4033 594 4128; baseline 0 -31"><span class='ocrx_word' id='word_1_140' title='bbox 321 4056 436 4128; x_wconf 80' lang='lat' dir='ltr'>cornua</span> <span class='ocrx_word' id='word_1_141' title='bbox 454 4033 594 4097; x_wconf 88' lang='lat' dir='ltr'>monstri.</span> 
     </span>
    </p>
   </div>
   <div class='ocr_carea' id='block_1_10' title="bbox 255 4160 944 4509">
    <p class='ocr_par' dir='ltr' id='par_1_26' title="bbox 255 4160 818 4246">
     <span class='ocr_line' id='line_1_34' title="bbox 255 4160 818 4246; baseline -0.005 -21"><span class='ocrx_word' id='word_1_142' title='bbox 255 4162 421 4246; x_wconf 87' lang='lat' dir='ltr'>impudens</span> <span class='ocrx_word' id='word_1_143' title='bbox 439 4162 517 4244; x_wconf 92' lang='lat' dir='ltr'>liqui</span> <span class='ocrx_word' id='word_1_144' title='bbox 533 4161 652 4245; x_wconf 90' lang='lat' dir='ltr'>patrios</span> <span class='ocrx_word' id='word_1_145' title='bbox 669 4160 818 4235; x_wconf 88' lang='lat' dir='ltr'>Penates,</span> 
     </span>
    </p>

    <p class='ocr_par' dir='ltr' id='par_1_27' title="bbox 256 4254 879 4341">
     <span class='ocr_line' id='line_1_35' title="bbox 256 4254 879 4341; baseline -0.005 -22"><span class='ocrx_word' id='word_1_146' title='bbox 256 4257 421 4341; x_wconf 87' lang='lat' dir='ltr'>impudens</span> <span class='ocrx_word' id='word_1_147' title='bbox 441 4254 562 4321; x_wconf 86' lang='lat' dir='ltr'>Orcum</span> <span class='ocrx_word' id='word_1_148' title='bbox 579 4278 692 4319; x_wconf 90' lang='lat' dir='ltr'>moror.</span> <span class='ocrx_word' id='word_1_149' title='bbox 712 4275 731 4318; x_wconf 93' lang='lat' dir='ltr'>o</span> <span class='ocrx_word' id='word_1_150' title='bbox 749 4254 879 4317; x_wconf 90' lang='lat' dir='ltr'>deorum</span> 
     </span>
    </p>

    <p class='ocr_par' dir='ltr' id='par_1_28' title="bbox 257 4348 944 4509">
     <span class='ocr_line' id='line_1_36' title="bbox 257 4348 944 4434; baseline -0.004 -20"><span class='ocrx_word' id='word_1_151' title='bbox 257 4351 283 4415; x_wconf 92' lang='lat' dir='ltr'>si</span> <span class='ocrx_word' id='word_1_152' title='bbox 301 4351 371 4434; x_wconf 89' lang='lat' dir='ltr'>quis</span> <span class='ocrx_word' id='word_1_153' title='bbox 390 4351 468 4414; x_wconf 82' lang='lat' dir='ltr'>haee</span> <span class='ocrx_word' id='word_1_154' title='bbox 485 4350 589 4427; x_wconf 90' lang='lat' dir='ltr'>audis,</span> <span class='ocrx_word' id='word_1_155' title='bbox 609 4350 728 4413; x_wconf 89' lang='lat' dir='ltr'>utinam</span> <span class='ocrx_word' id='word_1_156' title='bbox 745 4348 828 4411; x_wconf 88' lang='lat' dir='ltr'>inter</span> <span class='ocrx_word' id='word_1_157' title='bbox 844 4370 944 4412; x_wconf 90' lang='lat' dir='ltr'>errem</span> 
     </span>
     <span class='ocr_line' id='line_1_37' title="bbox 321 4443 544 4509; baseline -0.004 -1"><span class='ocrx_word' id='word_1_158' title='bbox 321 4445 406 4509; x_wconf 87' lang='lat' dir='ltr'>nuda</span> <span class='ocrx_word' id='word_1_159' title='bbox 422 4443 544 4509; x_wconf 88' lang='lat' dir='ltr'>leonesl</span> 
     </span>
    </p>
   </div>
   <div class='ocr_carea' id='block_1_11' title="bbox 0 0 1619 5442">
    <p class='ocr_par' dir='ltr' id='par_1_29' title="bbox 0 0 1619 5442">
     <span class='ocr_line' id='line_1_38' title="bbox 0 0 1619 5442; baseline 0 0"><span class='ocrx_word' id='word_1_160' title='bbox 0 0 1619 5442; x_wconf 95' lang='lat' dir='ltr'> </span> 
     </span>
    </p>
   </div>
  </div>
 </body>
</html>
