3225 5442
252 689 313 756 186
585 697 619 763 Q.
628 694 795 754 HORATII
807 696 971 787 FLAccl*
1021 638 1033 658 .

250 860 327 942 quid
344 880 406 921 non
424 855 558 921 ebrietas
577 854 740 939 designat?
757 867 870 940 operta
888 856 1037 933 recludit,

251 977 324 1038 spes
343 951 428 1015 iubet
445 971 516 1014 esso
534 958 633 1026 ratus,
652 949 691 1011 ad
709 949 830 1033 proclia
848 951 950 1014 trudit
969 950 1112 1030 inertem,

251 1046 391 1111 sollicitis
409 1043 522 1108 animis
540 1064 621 1106 onus
639 1042 760 1118 eximit,
780 1042 920 1107 addocet
938 1054 1036 1110 artes.

250 1138 378 1203 fecundi
396 1137 509 1201 calices
528 1157 622 1219 quem
640 1157 704 1199 non
722 1134 825 1199 fecere
843 1136 1028 1202 disertum?
1046 1164 1050 1168 ·

200 1254 233 1302 ρο
251 1242 409 1297 eontracta
426 1251 521 1313 quem
539 1251 602 1293 non
620 1228 653 1291 in
670 1238 854 1312 paupertate
875 1230 1042 1297 solutum?

250 1326 328 1389 hoec
345 1346 404 1410 ego
421 1344 587 1408 procurare
605 1331 636 1385 ct
653 1322 783 1386 idoneus
801 1322 944 1407 imperor
961 1335 996 1389 et
1014 1350 1080 1392 non

249 1419 379 1483 insitus:
399 1439 437 1481 ne
456 1425 545 1501 turpe
564 1415 655 1492 toral,
673 1437 713 1480 ne
731 1416 857 1480 sordida
875 1440 998 1503 mappa

250 1520 395 1597 corruget
413 1533 518 1588 narcs;
538 1532 578 1574 ne
597 1532 659 1574 non
677 1518 708 1573 et
726 1509 896 1574 cantharus
916 1513 1048 1578 etlanx

250 1606 394 1670 ostendat
412 1603 469 1669 tibi
486 1614 531 1682 te;
549 1626 589 1668 ne
606 1603 686 1669 fidos
703 1602 784 1668 inter
800 1603 924 1669 amicos

199 1721 231 1768 25
251 1701 291 1764 sit
309 1699 362 1782 qui
381 1698 465 1763 dicta
482 1697 566 1762 foras
585 1697 736 1774 eliminet3
755 1706 789 1760 ut
806 1707 898 1761 coeat
916 1722 976 1783 par

249 1795 457 1878 iungaturque
475 1792 552 1877 pari.
575 1791 708 1854 Butram
726 1789 781 1855 tibi
801 1788 1051 1876 Septiciumque

250 1897 281 1950 ct
298 1886 359 1950 nisi
377 1908 475 1950 coena
491 1884 577 1970 prior
592 1885 755 1969 potiorque
772 1883 878 1969 puella
898 1883 1064 1953 Sabinum

249 1980 365 2043 detinet
384 1979 557 2043 adsumam.
580 1979 669 2043 locus
688 1988 737 2043 est
754 1987 784 2041 et
801 1977 948 2062 pluribus
968 1982 1109 2060 umbris3

250 2074 306 2137 sed
323 2072 416 2135 nimis
434 2082 502 2135 arta
518 2080 664 2156 premunt
681 2071 782 2135 olidae
800 2071 948 2137 convivia
966 2095 1096 2159 caprae.

201 2188 232 2234 30
251 2179 285 2231 tu
303 2176 417 2250 quotus
436 2188 506 2230 esse
525 2166 603 2231 velis
620 2166 756 2232 rescribe
774 2175 805 2230 et
822 2164 918 2230 rebus
938 2169 1072 2235 omissis
1161 2217 1166 2225 ·

250 2260 328 2324 atria
345 2269 520 2324 servantem
538 2260 659 2345 postico
677 2258 751 2324 falle
768 2258 924 2324 clientem.

599 2459 927 2520 EPISTOLAVI.

549 2603 618 2651 nn
655 2602 981 2653 uuu101un.
1050 2677 1054 2682 ἡ

148 2739 150 2744 ’
247 2728 300 2793 Nil
318 2727 577 2813 admiran.prope
594 2748 644 2791 res
664 2737 805 2805 estune,
823 2727 961 2805 Numici,

249 2822 391 2905 solaque,
410 2844 490 2904 quae
508 2820 608 2906 possit
625 2820 728 2885 faeere
746 2831 778 2886 et
795 2843 919 2886 servare
937 2820 1084 2890 beatum.

248 2909 332 2980 huno
350 2916 448 2980 solem
467 2924 497 2979 et
516 2914 621 2979 stellas
640 2925 671 2978 et
688 2915 870 2979 decedentia
888 2916 983 2980 certis

249 3021 389 3093 tempora
406 3009 570 3073 momentis
590 3019 661 3072 sunt
680 3010 734 3091 qui
751 3009 916 3073 formidine
934 3011 1025 3076 nulla

214 3128 229 3172 o
248 3104 359 3168 imbuti
378 3113 528 3187 spectent.
540 3103 628 3185 'quid
646 3126 755 3168 censes
774 3108 904 3168 munera
922 3114 1036 3183 terrae,

247 3198 322 3281 quid
340 3197 436 3261 maris
456 3207 612 3262 extremos
630 3195 756 3263 Arabas
774 3198 899 3262 ditantis
919 3207 950 3262 et
968 3200 1082 3277 Indos,

247 3291 461 3373 ludicrequid
477 3291 607 3376 pluusus
627 3300 657 3354 et
675 3292 767 3356 amici
782 3294 867 3364 dona
885 3291 1031 3373 Quintio,

247 3408 309 3467 quo
328 3386 499 3469 spectanda
517 3385 624 3462 modo,
642 3407 705 3467 quo
724 3407 819 3449 sensu
837 3386 936 3450 credis
956 3395 987 3450 et
1007 3390 1083 3452 ore?

247 3479 301 3560 qui
319 3480 407 3541 timet
424 3479 473 3542 his
492 3480 638 3556 adversa,
657 3479 723 3543 fere
741 3479 870 3544 miratur
887 3480 999 3544 eodem

199 3592 228 3638 10
247 3594 309 3655 quo
328 3572 457 3655 cupiens
475 3581 581 3656 paet03
600 3576 698 3657 pa'vor
715 3583 763 3637 est
780 3573 945 3656 utrobique
963 3575 1132 3653 molestus,

246 3665 417 3749 improvisa
435 3666 527 3729 simul
546 3666 670 3751 specics
686 3677 819 3731 exterret
837 3677 1014 3750 utrumque.

246 3759 383 3843 gaudeat
400 3783 440 3822 an
459 3760 576 3836 doleat,
596 3760 701 3844 cupiut
718 3771 890 3837 metuatne,
909 3761 985 3843 quid
1003 3762 1046 3829 ad
1064 3786 1144 3839 rem,

247 3852 274 3914 si
292 3851 443 3935 quidquid
461 3853 539 3917 m'dit
556 3853 667 3917 melius
685 3854 838 3938 peiusque
857 3873 917 3919 sua‘
932 3877 988 3939 spe
1035 3932 1040 3939 ,

170 3967 174 3973 ’
246 3945 356 4015 defixis
376 3946 473 4009 oculis
493 3946 659 4029 animoque
677 3957 708 4011 et
726 3970 854 4032 corpore
873 3948 992 4031 torpet?
1011 3987 1054 3994 -

198 4060 227 4105 15
246 4039 347 4102 insoni
365 4062 478 4103 nornen
496 4034 620 4125 sopiens
639 4041 732 4117 ferat,
752 4063 870 4125 aequus
888 4041 996 4123 iniqui,
1019 4112 1025 4124 .

247 4132 437 4214 ultraquam
457 4134 531 4197 satis
549 4143 597 4219 est
615 4135 760 4222 virtutem
779 4136 807 4200 si
824 4145 910 4220 petat
926 4135 1039 4219 ipsam.

245 4225 255 4286 i
273 4245 370 4302 nuno,
390 4237 553 4310 argentum
572 4240 603 4292 et
621 4252 757 4293 marmor
774 4239 865 4295 vetus
884 4250 1018 4311 ueraque
1036 4239 1069 4293 et
1087 4239 1172 4296 artes

237 4320 382 4401 suspice,
402 4341 474 4384 oum
491 4322 624 4407 gemmis
643 4322 757 4406 Tyrios
776 4323 888 4387 mirare
907 4323 1042 4400 oolorcs3

245 4412 347 4492 gaude
365 4413 450 4493 quod
468 4425 609 4499 spectant
628 4416 710 4480 oculi
728 4426 758 4480 te
776 4416 860 4482 mille
878 4416 1058 4499 loquentem
1064 4442 1074 4495 ;
