3225 5442
469 720 679 777 CARMINUM
697 720 771 775 LlB.
785 721 823 775 II.

258 894 292 946 tu
310 881 446 946 secanda
464 901 619 943 marmora

301 976 387 1040 locas
407 973 465 1040 sub
484 973 588 1058 ipsum
606 972 702 1036 funus
721 982 753 1037 et
770 973 906 1057 sepulcri

257 1073 420 1135 immemor
438 1068 531 1134 struis
549 1068 668 1144 domos,

299 1164 456 1248 marisque
473 1162 561 1228 Baiis
579 1161 787 1247 obstrepentis
805 1183 900 1248 urges

258 1323 453 1366 summovere
471 1300 571 1375 litora,

300 1419 410 1482 parum
428 1394 567 1479 locuples
586 1393 762 1457 continente
779 1393 857 1477 ripa.

258 1491 348 1573 quid,
368 1490 452 1573 quod
468 1510 570 1571 usquc
587 1487 747 1572 proximos

299 1585 422 1648 revellis
440 1583 509 1669 agri
527 1583 689 1657 terminos,
709 1592 739 1645 et
758 1581 837 1645 ultra

257 1722 370 1786 limites
388 1720 547 1785 clientium

301 1815 375 1879 salis
394 1814 527 1878 avarus?
544 1813 669 1899 pellitur
685 1823 833 1897 paternos

257 1910 289 1971 in
307 1909 378 1973 sinu
396 1909 499 1972 serens
517 1908 594 1972 deos

300 2012 331 2066 et
347 2025 428 2066 uxor
445 2013 475 2066 et
496 2002 542 2066 vir
560 2001 764 2083 sordidosque
783 2011 883 2066 natos.

257 2139 343 2204 nulla
360 2139 472 2203 certior
488 2148 603 2214 tamon,

299 2234 421 2318 rapacis
441 2230 519 2298 Orci
536 2232 598 2296 fine
616 2232 779 2308 destinata,

257 2328 329 2393 aula
347 2328 474 2392 divitem
492 2336 598 2391 manet

299 2421 419 2486 herum.
440 2421 520 2504 quid
534 2420 619 2484 'ultra
636 2421 758 2485 tendis?
775 2443 877 2504 aequa
894 2423 986 2488 tellus

256 2559 386 2643 pauperi
402 2558 572 2623 recluditur
894 2613 897 2619 .

298 2675 472 2739 regumque
489 2653 611 2737 pueris,
630 2674 689 2717 nec
709 2653 833 2718 satelles
853 2651 931 2718 Orci

257 2747 403 2811 callidum
421 2745 611 2811 Promethea

298 2840 418 2903 revexit
436 2863 513 2905 auro
531 2849 656 2925 captus3
675 2840 727 2904 hie
745 2840 914 2926 superbum

257 2978 425 3043 Tantalum
445 2988 539 3062 atquc
558 2979 684 3043 Tantali

298 3095 399 3158 genus
418 3083 553 3148 coercet,
572 3072 624 3136 hic
640 3072 744 3137 levare
762 3071 906 3136 functum

257 3188 427 3251 pauperem
444 3165 605 3231 laboribus

298 3268 428 3325 vocatus
446 3268 540 3343 atque
557 3282 621 3324 non
638 3270 768 3325 vocatus
787 3259 883 3324 audit.

486 3485 685 3546 GARMEN
706 3486 801 3545 XIX.

433 3630 587 3680 nunnus
605 3629 643 3677 ru
662 3630 857 3679 naconem

300 3753 461 3818 Bacchum
479 3755 512 3818 in
528 3755 656 3819 remotis
675 3756 812 3819 carmina
829 3754 960 3840 rupibus

300 3847 364 3911 vidi
382 3847 545 3912 docentem
563 3887 605 3896 —
623 3848 754 3926 credite,
772 3848 903 3933 posterii
923 3887 965 3895 —-

341 3941 568 4026 Nymphasque
586 3942 744 4007 discentes
762 3952 795 4006 et
813 3964 904 4007 aures

384 4036 585 4120 capripedum
605 4033 792 4119 Satyrorum
811 4045 928 4099 acutas.

298 4193 388 4249 evoe,
406 4171 523 4236 recenti
542 4192 630 4235 meus
648 4171 782 4255 trepidat
798 4180 894 4245 metu,

297 4263 451 4348 plenoque
469 4265 588 4329 Bacchi
605 4276 731 4350 pectore
749 4263 908 4327 turbidum

340 4356 487 4422 laetaturi
507 4382 599 4435 evoe,
618 4380 711 4443 parce
728 4357 838 4434 Liber,

265 4468 269 4475 ’
299 4471 302 4476 ·
383 4474 490 4536 parce,
508 4453 598 4538 gravi
617 4453 782 4517 metuende
800 4449 923 4536 thyrsol
