3225 5442
455 778 458 782 .
476 734 682 793 cramuuu
700 736 774 792 nm.
785 738 839 793 111.
877 799 883 816 ,

261 920 295 961 os
314 894 510 961 cantabimus
527 894 661 958 invicem

280 989 462 1074 Neptunum
480 996 512 1052 et
527 988 643 1052 virides
660 987 829 1053 Nereidum
848 1011 968 1054 eomas:

261 1107 272 1147 1
289 1105 384 1147 curva
401 1081 520 1146 recines
539 1080 607 1166 lyra

280 1177 439 1240 Latonam
457 1185 488 1239 et
505 1175 615 1239 celeris
634 1176 754 1260 spicula
772 1174 942 1261 Cynthiae:

258 1335 359 1376 ummo
378 1312 528 1389 carmine,
547 1332 628 1394 quae
648 1311 773 1377 Cnidon

279 1406 498 1492 fulgentesque
516 1414 601 1470 tenet
620 1405 777 1490 Cycladas
796 1415 828 1470 et
845 1405 978 1490 Paphon

258 1501 349 1564 metis
367 1500 441 1564 visit
457 1500 605 1577 oloribus,

279 1597 411 1673 dicetur3
430 1597 539 1660 merita
556 1595 629 1661 Nox
647 1618 771 1680 quoque
789 1598 890 1661 nenia.
927 1633 930 1638 ·

471 1822 669 1883 OARMuN
691 1822 818 1881 XXIX.

360 1967 411 2014 Au
432 1966 465 2014 c.
485 1965 643 2015 cmurum
659 1964 934 2015 unncnua'ruu.

258 2089 423 2174 Tyrrhena
438 2112 550 2176 regum
567 2090 748 2176 progenies,
767 2089 824 2155 tibi

258 2208 320 2249 non
338 2194 409 2248 ante
429 2206 517 2249 verso
535 2184 605 2248 lene
623 2207 743 2249 merum
761 2186 839 2249 cado

300 2300 372 2342 curn
388 2278 478 2355 flore,
497 2277 683 2356 Maecenas,
701 2300 843 2343 rosarum
862 2288 893 2342 et

342 2394 451 2456 pressa
468 2372 529 2436 tuis
548 2371 679 2437 balanus
698 2372 818 2457 capillis

257 2508 440 2572 iamdudum
458 2508 542 2592 apud
559 2529 610 2571 me
628 2517 686 2573 est.
704 2508 789 2593 eripe
808 2519 838 2572 te
856 2531 976 2587 morae3

258 2625 297 2666 ne
316 2624 440 2687 semper
457 2602 554 2666 udum
572 2600 673 2666 Tibur
690 2611 721 2666 et
738 2601 878 2667 Aesulae

299 2696 418 2761 declive
437 2695 654 2780 contempleris
673 2719 783 2759 arvum
802 2708 832 2761 et

343 2789 497 2875 Telegoni
514 2789 590 2875 iuga
606 2790 788 2873 parricidae.

257 2925 453 2990 fastidiosam
471 2926 580 2990 desere
600 2926 722 3011 copiam
740 2936 770 2991 et

257 3020 371 3084 molem
389 3020 596 3105 propinquam
613 3019 751 3085 nubibus
769 3021 891 3099 arduis3

299 3113 406 3179 omitte
424 3113 530 3177 mirari
547 3112 657 3177 beatae

342 3207 464 3270 fumum
482 3217 513 3271 et
530 3229 606 3291 opes
625 3208 850 3292 strepitumque
868 3208 998 3273 Romae.

256 3342 440 3427 plerumque
457 3351 565 3428 gratae
583 3342 732 3408 divitibus
751 3344 836 3407 vices

257 3436 454 3519 mundaeque
471 3458 569 3521 parvo
588 3435 648 3501 sub
665 3437 730 3501 lare
748 3458 921 3521 pauperum

301 3552 415 3597 coenae
434 3530 501 3595 sine
519 3529 637 3593 aulaeis
656 3539 687 3593 et
708 3541 793 3595 ostro

344 3624 508 3689 sollicitam
526 3622 703 3708 explicuere
720 3624 865 3689 frontem.

260 3759 323 3824 iam
342 3760 444 3826 clarus
462 3761 619 3826 occultum
637 3759 860 3825 Andromedae
877 3770 966 3845 pater

259 3853 396 3918 ostendit
411 3854 518 3939 ignem
524 3880 533 3933 3
551 3855 614 3920 iam
632 3855 778 3939 Procyon
796 3854 872 3918 furit

302 3955 333 4011 et
351 3947 441 4012 stella
458 3949 567 4013 vesani
584 3949 715 4025 Leonis,
826 4005 829 4010 .

344 4041 410 4105 sole
427 4042 494 4106 dies
511 4043 665 4107 referente
683 4043 783 4107 siccos
789 4066 798 4118 3

257 4177 321 4240 iam
337 4188 445 4262 pastor
462 4177 589 4243 umbras
608 4200 680 4242 cum
697 4198 794 4263 grege
812 4175 962 4260 languido

258 4270 422 4354 rivumque
440 4272 545 4336 fessus
563 4271 684 4354 quaerit
701 4280 732 4334 et
749 4270 867 4334 horridi

302 4366 429 4430 dumeta
447 4363 581 4442 Silvani,
602 4376 746 4448 caretque

343 4460 411 4544 ripa
428 4459 518 4546 vagis
537 4459 691 4524 taciturna
707 4458 818 4523 ventis.
