3225 5442
635 686 668 749 Q.
682 681 847 739 HORATII
861 682 1003 743 FLACOI

475 842 633 926 poscentis
651 841 721 905 aevi
738 863 849 926 pauca.
868 841 951 926 fugit
968 851 1049 907 retro

476 936 554 1001 levis
571 935 715 1000 iuventas
733 945 765 999 et
781 935 889 1012 decor,
908 937 995 1000 arida

517 1029 651 1114 pellente
669 1028 804 1093 lascivos
823 1052 944 1094 amores

498 1132 500 1137 '
561 1124 673 1187 canitie
691 1122 877 1207 facilemque
896 1147 1049 1188 somnum.

476 1285 539 1326 non
557 1283 681 1346 semper
697 1261 780 1325 idem
799 1259 928 1325 floribus
946 1270 994 1327 est
1011 1261 1113 1327 honos

475 1355 593 1432 vernis,
612 1377 713 1438 neque
731 1377 794 1418 uno
811 1355 908 1419 Luna
925 1353 1041 1420 rubens
1059 1356 1137 1421 nitet

517 1449 621 1513 vultu:
640 1449 716 1531 quid
733 1449 868 1513 aeternis
886 1448 1040 1513 minorem

561 1543 699 1607 consiliis
718 1542 856 1606 animum
874 1542 1009 1628 fatigas?

477 1701 532 1743 cur
549 1702 612 1743 non
631 1679 689 1744 sub
709 1679 771 1743 alta
788 1680 838 1743 vel
856 1679 981 1763 platano
1000 1680 1050 1743 vel
1067 1681 1127 1744 hac

475 1774 551 1858 pinu
569 1772 706 1837 iacentes
725 1773 771 1838 sic
789 1782 905 1837 temere
923 1782 954 1837 et
971 1796 1043 1837 rosa

519 1889 614 1931 canos
632 1867 752 1932 odorati
770 1867 909 1952 capillos,

563 1962 637 2024 dum
655 1960 957 2046 licet„Assy1iaque
974 1963 1071 2027 nardo

476 2110 622 2185 potamus
640 2100 744 2163 uncti?
761 2099 894 2184 dissipat
910 2099 1011 2164 Evius

478 2217 568 2259 curas
587 2194 709 2258 edaces.
728 2193 799 2276 quis
817 2216 896 2277 puer
913 2194 1000 2258 ocius

517 2288 691 2373 restinguet
708 2288 845 2351 ardentis
862 2287 987 2351 Falerni

561 2381 675 2465 pocula
691 2390 907 2465 praetereunte
924 2380 1072 2465 lympha?

475 2518 546 2601 quis
564 2518 691 2581 devium
709 2518 846 2613 scprtum
865 2516 966 2581 eliciet
983 2518 1076 2581 domo

475 2613 611 2698 Lyden?
628 2612 747 2677 eburna
764 2613 815 2676 dic
833 2635 891 2699 age
910 2634 982 2676 cum
999 2611 1067 2696 lyra

518 2716 666 2784 maturet,
684 2707 718 2770 in
735 2716 872 2772 comtum
890 2707 1057 2770 Lacaenae

561 2823 647 2865 more
665 2823 771 2865 comas
788 2801 920 2887 religata
936 2801 1063 2864 nodum.

667 3028 866 3088 CARMEN
889 3027 967 3086 XII.

532 3171 584 3220 An
606 3171 638 3219 c.
660 3170 817 3221 emulum
834 3170 1108 3221 Maronitarum.

431 3295 520 3360 Nolis
537 3295 633 3381 longa
649 3295 734 3360 ferae
752 3296 835 3361 bella
851 3296 1038 3360 Numantiae

433 3412 491 3453 nec
508 3389 621 3453 durum
639 3389 852 3455 Hannibalem
869 3412 928 3454 nec
947 3388 1090 3454 Siculum
1108 3411 1204 3465 mare,

433 3481 542 3547 Poeno
559 3505 751 3570 purpureum
770 3483 936 3570 sanguine,
955 3481 1100 3547 mollibus

497 3578 597 3660 aptari
614 3577 750 3641 citharae
767 3578 879 3654 modis,

435 3734 492 3775 nec
511 3734 622 3777 saevos
639 3713 795 3797 Lapithas
814 3722 845 3777 et
862 3713 992 3777 nimium
1010 3734 1097 3776 merc

432 3805 594 3889 Hylaeum
611 3807 808 3890 domitosque
826 3807 985 3875 Herculea
1006 3829 1102 3870 manu

434 3900 552 3965 telluris
570 3901 714 3977 iuvenes,
733 3902 816 3965 unde
834 3902 1008 3986 periculum

497 3993 623 4079 fulgens
642 3995 827 4059 contremuit
843 3995 956 4059 domus

435 4125 563 4191 Saturni
580 4128 708 4204 veteris;
727 4139 823 4210 tuque
840 4127 1037 4212 pedestribus

434 4222 519 4286 dices
537 4221 674 4286 historiis
692 4222 811 4305 proelia
829 4221 985 4299 Caesaris,

434 4315 620 4393 Maecenas,
638 4316 750 4380 melius
769 4316 924 4399 ductaque
942 4338 999 4401 per
1016 4315 1083 4379 tias

497 4431 607 4495 regum
625 4408 705 4473 eolla
723 4410 899 4474 minacium.
