3225 5442
301 664 343 730 48

631 675 666 741 Q.
680 672 844 730 HORATII
857 671 999 730 FLACCI

472 834 521 898 fas
538 833 717 918 pervicaces
736 841 785 897 est
801 832 879 897 mihi
898 832 1070 917 Thyiadas,

472 930 598 1012 vinique
616 928 750 1005 fontem,
769 927 859 992 laetis
878 937 910 992 et
926 926 1042 994 uberes

515 1031 640 1087 eantare
657 1021 756 1098 rivos,
776 1030 871 1104 atque
888 1022 1007 1087 truncis

557 1116 648 1201 lapsa
659 1116 750 1203 savis
768 1115 880 1180 iterare
898 1116 1007 1194 mella;

473 1258 522 1322 fas
541 1268 572 1321 et
590 1256 699 1320 beatae
717 1254 861 1341 coniugis
879 1254 1020 1320 additum

473 1352 570 1416 stellis
589 1350 753 1427 honorem,
771 1358 917 1433 tectaque
933 1348 1069 1416 Penthei

515 1444 646 1508 disiecta
662 1466 726 1508 non
743 1443 806 1508 leni
822 1443 921 1519 ruina,

558 1538 689 1604 Thracis
707 1548 739 1603 et
756 1538 886 1602 exitium
903 1538 1054 1625 Lycurgi.

473 1685 508 1740 tu
525 1675 624 1740 flectis
643 1697 766 1752 amnes,
785 1684 820 1739 tu
837 1698 923 1740 mare
941 1675 1125 1756 barbarum3

444 1775 446 1778 ’
475 1779 509 1833 tu
529 1768 680 1854 separatis
698 1768 813 1833 uvidus
830 1770 864 1832 in
881 1769 964 1855 iugis

516 1863 599 1927 nodo
618 1883 742 1926 coerces
761 1862 901 1947 viperino

559 1956 759 2021 Bistonidum
778 1956 845 2020 sine
863 1955 974 2022 fraude
992 1958 1104 2023 crines.

474 2106 522 2171 tu,
541 2115 639 2177 quum
655 2092 793 2177 parentis
812 2115 910 2180 regna
926 2116 983 2178 per
1000 2095 1134 2159 arduum

474 2188 585 2253 oohors
605 2184 779 2273 Gigantum
797 2188 962 2252 scanderet
977 2188 1084 2273 impia,

516 2282 675 2346 Rhoetum
691 2281 845 2346 retorsisti
861 2280 961 2347 leonis
1131 2353 1134 2357 ,

559 2374 718 2461 unguibus
736 2375 939 2459 horribilique
955 2376 1054 2441 mala:

474 2534 665 2596 quamquam
683 2511 805 2577 choreis
823 2512 925 2597 aptior
942 2522 974 2577 et
989 2513 1067 2578 iocis

474 2607 610 2690 ludoque
629 2606 731 2671 dictus
750 2629 813 2670 non
831 2615 881 2671 sat
897 2606 1029 2672 idoneus

516 2723 641 2787 pugnae
659 2700 825 2778 ferebaris3
844 2700 1001 2766 sedidem

559 2796 646 2881 pacis
665 2817 734 2859 eras
752 2795 936 2878 mediusque
955 2795 1037 2860 belli.

377 2944 379 2948 “
476 2942 506 2996 te
524 2932 602 2996 vidit
619 2932 727 2997 insons
747 2930 904 2997 Cerberus
922 2954 1016 2996 aureo

476 3048 575 3092 cornu
592 3026 756 3104 decorum,
774 3026 885 3091 leniter
902 3035 1038 3092 atterens

517 3122 649 3185 caudam
655 3169 664 3199 ‚
684 3130 715 3185 et
732 3120 907 3186 recedentis
925 3121 1064 3207 trilingui

562 3237 615 3279 ore
632 3215 729 3299 pedes
747 3214 911 3300 tetigitque
929 3237 1028 3279 crura.

671 3442 870 3502 GARMEN
890 3442 969 3501 XX.

531 3584 583 3633 AD
605 3584 638 3634 c.
658 3580 815 3636 cnutum
831 3585 1104 3636 unncnnnrnu.

454 3708 526 3774 Non
543 3711 658 3775 usitata
675 3734 733 3776 neo
750 3712 837 3776 tenui
854 3710 937 3775 ferar

453 3825 558 3888 penna
574 3803 715 3870 biformis
732 3828 789 3890 per
805 3806 960 3890 liquidum
977 3805 1103 3871 aethera

496 3907 601 3976 vates,
619 3920 721 3982 neque
739 3899 879 3965 interris
898 3899 1044 3965 morabor

539 3991 678 4078 longius,
696 3992 876 4076 invidiaque
893 3995 993 4058 maior

454 4129 549 4195 urbes
567 4130 749 4213 relinquam.
768 4153 832 4195 non
850 4154 910 4216 ego
927 4153 1102 4216 pauperum

455 4225 584 4311 sanguis
602 4235 780 4311 parentum,
798 4249 862 4290 non
880 4248 955 4311 ego,
973 4247 1067 4308 quem
1084 4246 1190 4302 vocas,

497 4318 609 4383 dilecte
626 4317 811 4396 Maecenas,
831 4318 934 4396 obibo,

540 4433 598 4475 neo
618 4409 730 4498 Stygia
747 4411 916 4478 cohibebor
933 4413 1028 4476 unda.
