3225 5442
324 693 386 758 124
655 705 688 769 Q.
703 703 868 759 HORA'PII
882 702 1030 757 Fusco]

322 864 367 929 sic
386 863 509 927 solitus:
530 860 683 946 „populus
702 883 752 924 me
771 860 873 925 sibilat
880 885 889 937 ;
909 869 942 925 at
959 861 1044 923 mihi
1062 862 1181 945 plaudo

321 958 389 1041 ipse
407 956 506 1033 domi,
526 955 673 1018 simulac
691 976 836 1018 nummos
855 956 1060 1039 contemplor
1077 956 1113 1019 in
1131 961 1229 1021 arca.“
1245 996 1276 1003 -

322 1050 474 1114 Tantalus
493 1073 512 1112 a
528 1047 624 1112 labris
644 1048 751 1113 sitiens
770 1047 926 1133 fugientia
943 1057 1056 1132 captat

321 1145 450 1209 flumina
552 1143 627 1225 quid
644 1142 747 1206 rides?
763 1151 882 1205 mutato
901 1143 1034 1207 nomine
1053 1144 1093 1208 de
1113 1155 1145 1208 te

271 1260 303 1305 το
321 1236 429 1302 fabula
446 1246 597 1299 narratur.
617 1235 774 1321 congestis
793 1236 932 1318 undique
952 1236 1058 1301 saccis

320 1330 469 1394 indormis
488 1330 626 1406 inhians,
645 1338 675 1393 et
693 1339 842 1412 tanquam
859 1351 989 1412 parcere
1009 1330 1111 1394 sacris

320 1423 441 1510 cogeris
460 1433 514 1487 aut
531 1423 622 1507 pictis
642 1432 790 1506 tanquam
808 1422 945 1507 gaudere
964 1422 1104 1488 tabellis.

320 1518 422 1582 neseis
440 1540 503 1600 quo
521 1517 624 1580 valeat
640 1516 807 1581 nummus?
824 1538 918 1598 quem
935 1516 1092 1600 praebeat
1108 1519 1218 1583 usum?

319 1614 409 1698 panis
428 1622 562 1689 ematur,
581 1612 665 1688 olus,
684 1611 749 1674 vini
768 1610 937 1687 sextarius,
956 1610 1041 1675 adde

271 1729 302 1774 75
320 1707 408 1788 queis
427 1706 564 1769 humana
582 1705 642 1769 sibi
660 1703 763 1768 doleat
781 1714 892 1767 natura
908 1704 1045 1789 negatis

320 1826 360 1865 an
377 1801 506 1886 vigilare
524 1810 611 1864 metu
629 1800 819 1875 exanimem,
837 1808 1010 1881 noctesque
1030 1800 1164 1882 diesque

319 1896 487 1959 formidare
505 1894 605 1957 malos
623 1893 723 1970 sures,
741 1892 898 1968 incendia,
918 1914 1038 1970 servos,

319 2011 358 2051 nc
377 1999 407 2052 te
426 1988 593 2072 compilant
611 1987 781 2072 fugientes,
801 1986 861 2056 hoc
878 1986 984 2049 iuvat?
1001 1985 1119 2050 horum

320 2104 444 2165 semper
461 2104 521 2165 ego
539 2080 671 2165 optarim
689 2080 905 2164 pauperrimus
924 2101 995 2143 esse
1014 2078 1182 2144 bonorum.
1201 2119 1238 2127 —

269 2196 302 2242 80
321 2185 353 2239 at
372 2176 399 2239 si
418 2175 577 2239 condoluit
594 2184 747 2238 tentatum
765 2173 881 2259 frigore
900 2194 1023 2257 corpus,

320 2280 373 2332 aut
391 2269 469 2333 alius
489 2290 581 2331 casus
599 2267 680 2332 lecto
698 2276 728 2330 te
746 2266 869 2343 adfixit,
887 2266 986 2331 habes
1004 2268 1062 2350 qui

320 2362 474 2438 adsideat,
494 2362 634 2425 fomenta
650 2369 752 2445 paret,
771 2360 927 2424 medicum
945 2371 1050 2445 roget,
1071 2371 1108 2425 ut
1126 2373 1157 2426 te

320 2456 449 2519 suscitet
466 2477 503 2519 ac
520 2455 601 2518 natis
619 2455 729 2518 reddat
747 2454 889 2536 carisque
906 2454 1104 2539 propinquis
1125 2494 1167 2503 -

318 2571 382 2613 non
399 2571 479 2612 uxor
497 2548 619 2612 salvum
637 2558 667 2612 te
684 2547 765 2624 vult,
783 2569 848 2612 non
866 2547 962 2623 filius3
981 2570 1096 2613 omnes

268 2664 301 2710 85
318 2643 413 2705 vicini
431 2643 576 2719 oderunt,
595 2642 674 2718 noti,
692 2641 782 2726 pueri
799 2651 892 2723 atque
910 2641 1042 2726 puellae.

318 2736 455 2813 miraris,
474 2758 571 2819 quum
590 2745 624 2798 tu
642 2744 771 2821 argento
788 2744 861 2819 post
879 2735 983 2799 omnia
1000 2758 1117 2820 ponas,

320 2831 456 2893 sinemo
475 2839 611 2914 praestet
628 2851 721 2911 quem
739 2852 803 2893 non
821 2829 966 2893 merearis
985 2832 1150 2894 amorem?

319 2947 361 2987 an
379 2924 405 2987 si
423 2932 587 3009 cognatos,
606 2923 692 2987 nullo
709 2934 821 2986 natura
838 2922 945 2986 labore

318 3040 397 3099 quos
416 3013 472 3080 tibi
490 3017 556 3091 dat,
576 3017 707 3079 retinere
725 3016 802 3079 velis
822 3038 1007 3099 servareque
1025 3018 1160 3095 amieos,

267 3132 300 3179 90
317 3111 427 3174 infelix
444 3133 571 3194 operam
589 3110 717 3195 perdas:
735 3120 771 3171 ut
789 3110 816 3173 si
834 3110 904 3192 quis
923 3109 1055 3175 asellum

317 3206 350 3268 in
368 3226 479 3288 campo
497 3204 608 3267 doceat
625 3212 786 3288 parentem
804 3226 926 3268 currere
944 3204 1061 3267 frenis?
1118 3273 1125 3285 ‚

317 3299 451 3380 denique
470 3298 510 3362 sit
527 3298 598 3361 finis
617 3298 801 3380 quaerendi,
821 3320 979 3381 quumque
997 3297 1119 3363 habeas
1139 3301 1222 3385 plus,

318 3392 498 3475 pauperiem
516 3402 637 3456 metuas
656 3392 759 3455 minus
779 3403 810 3455 et
827 3392 915 3456 finire
933 3391 1073 3456 laborem

316 3486 461 3569 incipias,
479 3496 569 3569 parto
588 3486 671 3567 quod
690 3474 820 3563 avebas,
840 3508 878 3549 ne
897 3486 994 3549 facias
1013 3486 1099 3567 quod

267 3600 298 3645 95
317 3578 498 3642 Ummidius
517 3580 658 3660 quidam;
677 3602 740 3642 non
757 3579 852 3664 longa
870 3590 919 3644 est
935 3578 1051 3643 fabula.
1072 3580 1165 3644 dives

317 3683 351 3733 ut
369 3671 529 3734 metiretur
545 3694 706 3749 nummos,
725 3672 768 3736 ita
786 3673 931 3736 sordidus
949 3682 984 3736 ut
1003 3695 1037 3736 se

316 3787 379 3827 non
396 3786 535 3847 unquam
553 3788 643 3829 servo
661 3766 772 3831 melius
790 3767 932 3843 vestiret,
951 3767 1110 3848 adusque

317 3882 497 3943 supremum
516 3870 638 3945 tempus
657 3885 696 3925 ne
715 3884 749 3926 se
766 3864 897 3948 penuria
915 3864 1015 3927 victus

316 3954 504 4038 opprimeret
520 3954 687 4019 metuebat.
707 3966 739 4020 at
756 3957 839 4020 hunc
857 3957 968 4021 liberta
986 3957 1088 4021 securi

252 4069 298 4115 100
316 4047 421 4113 divisit
439 4049 589 4126 medium,
609 4050 779 4115 fortissima
797 4051 1057 4136 Tyndaridarum.
1077 4091 1119 4099 -

317 4143 392 4225 quid
409 4143 452 4205 mi
469 4142 564 4228 igitur
582 4144 715 4208 suades?
732 4154 767 4208 ut
784 4146 889 4209 vivam
906 4144 1073 4209 Maenius?
1090 4156 1144 4209 aut
1163 4146 1210 4210 sic

316 4246 351 4299 ut
367 4236 601 4301 Nomentanus?
618 4275 660 4285 -
678 4238 782 4324 pergis
802 4240 975 4325 pugnantia
993 4261 1100 4304 secum

315 4330 469 4395 frontibus
487 4331 626 4395 adversis
646 4334 850 4418 componere?
868 4356 932 4397 non
949 4355 1022 4419 ego,
1042 4356 1172 4397 avarum

316 4444 413 4503 quum
431 4433 502 4487 veto
520 4433 551 4487 te
568 4424 648 4503 fieri,
668 4448 803 4512 vappam
820 4427 913 4492 iubeo
932 4449 968 4492 ac
986 4425 1183 4492 nebulonem.
