3225 5442
308 689 377 734 Vlll
685 691 724 731 DE
743 690 812 730 VITA
830 692 867 730 ET
886 690 1008 731 SCRIPTIS

303 809 335 856 ut
343 800 693 869 uonmodourbsetItalia,
701 800 840 855 sedetiam
858 800 1092 921 &remittereturl
1125 800 1235 853 Etenim
1249 800 1355 853 Brutus
1371 808 1400 855 et

303 877 403 939 gentes
413 870 698 923 acnationescxterae
704 869 839 922 Romanis
882 868 980 936 assius,
991 867 1039 937 qui
1047 874 1114 937 post
1123 885 1220 923 necem
1230 868 1258 921 0.
1269 869 1321 921 Iul.
1329 868 1399 923 Cae·

301 943 435 1007 parentes
453 943 595 1007 tamquam
614 937 753 989 communi
772 953 839 1005 quo·
859 936 928 989 saris
943 936 971 988 in
985 936 1144 1004 provincias
1158 937 1194 990 ab
1204 936 1259 988 hoe
1269 937 1330 1005 ipso
1343 937 1400 990 sibi

303 1008 367 1059 dam
379 1005 511 1059 incendio
527 1004 741 1073 corriperentur.
765 1006 839 1069 Quo·
859 1004 950 1072 datas,
962 1002 1071 1072 Syriam
1081 1004 1318 1071 etllaeedoniam,
1331 1021 1398 1057 eon·

302 1092 363 1126 rum
381 1091 466 1143 quum
481 1074 553 1126 alter
567 1073 604 1125 ad
617 1073 784 1128 Pharsalum
802 1072 839 1125 ab
859 1078 1011 1139 cesserant,
1030 1071 1194 1150 ingentibus
1212 1071 1331 1123 militum
1351 1090 1398 1125 eo-

301 1141 383 1195 hoste
394 1142 520 1195 devictus
530 1140 732 1195 a.·u.706.=48.
743 1157 767 1195 a.
774 1138 839 1193 Chr.
857 1139 911 1208 piis
922 1146 1090 1207 comparans
1100 1139 1271 1206 reipublicae
1281 1139 1397 1193 liberta-

300 1228 328 1262 n.
342 1215 371 1263 et
388 1226 453 1262 mox
470 1208 590 1275 eccisus,
613 1208 685 1261 alter
701 1224 719 1260 a
736 1207 839 1260 veteris
858 1214 914 1260 tem
938 1213 1037 1260 eontra
1059 1207 1118 1260 eius
1142 1224 1323 1275 oppressores
1347 1210 1396 1261 de-

301 1276 474 1346 reipublicae
488 1276 615 1345 patronis
629 1280 658 1328 et
668 1273 764 1329 amicis
777 1292 839 1343 per·
858 1274 973 1327 fendere
1002 1274 1215 1327 constituerunt.
1251 1274 1396 1328 Adversus

301 1362 400 1397 cussus
411 1361 444 1397 ac
453 1344 610 1397 trucidatus
621 1348 697 1397 esset
705 1343 741 1413 (a.
748 1359 775 1396 u.
782 1343 839 1396 710.
858 1344 910 1396 hos
921 1342 1006 1411 igitur
1016 1341 1119 1395 Caesar
1130 1342 1300 1395 Octavianus
1315 1350 1343 1395 et
1356 1343 1395 1395 M.

300 1410 372 1463 =44.
386 1428 412 1463 a.
422 1410 486 1464 Chr.
495 1411 552 1480 n),
571 1410 729 1464 occisorum
746 1410 840 1463 locum
857 1409 996 1466 Antonius
1010 1409 1115 1462 bellum
1134 1411 1287 1478 gerendum
1302 1429 1396 1464 susce-

301 1478 434 1531 continuo
458 1483 670 1546 oceupaverunt
691 1478 728 1533 M.
751 1477 839 1533 Anto·
878 1482 967 1531 erunt.
993 1478 1038 1530 Ibi
1053 1494 1118 1530 vero
1130 1477 1241 1544 accidit,
1254 1483 1286 1529 ut
1298 1495 1343 1532 res
1366 1496 1398 1530 u-

300 1545 715 1599 niusunacumDolabellatum
723 1547 839 1599 consule
858 1496 933 1598 iilica
942 1547 1056 1598 tandem
1065 1545 1168 1597 ultimis
1180 1545 1237 1597 suis
1246 1497 1395 1613 praesidiis

300 1619 330 1667 et
340 1612 398 1665 Oai.
414 1612 561 1681 Octavius,
581 1612 710 1666 Caesaris
724 1631 757 1666 ex
767 1613 840 1666 Iulia
859 1613 1013 1666 orbaretur.
1058 1612 1213 1666 Commissa
1243 1613 1315 1666 enim
1347 1631 1395 1666 au-

301 1698 398 1734 sorore
420 1697 510 1749 nepos
533 1687 562 1733 et
578 1680 654 1733 filius
678 1682 838 1749 adoptivus,
857 1686 953 1733 tumne
976 1698 1001 1733 a.
1020 1681 1078 1733 712.
1101 1681 1213 1749 gemina
1235 1698 1331 1749 pugna
1358 1683 1395 1733 ad

300 1765 383 1817 quem
397 1749 553 1801 avunculus
571 1749 689 1816 patratis
703 1749 786 1801 bellis
802 1750 839 1801 ci·
857 1748 1005 1816 Philippos
1016 1754 1072 1815 est,
1084 1765 1140 1818 qua
1150 1748 1395 1801 fractisBrutianis

299 1816 402 1869 vilibus
425 1815 606 1895 Apolloniam
628 1816 657 1868 in
677 1817 770 1870 studia
790 1818 838 1868 mi·
857 1822 886 1869 et
896 1814 1038 1869 Cassianis
1048 1816 1175 1884 partibus
1186 1816 1269 1868 etiam
1283 1817 1394 1883 priscae

301 1888 385 1951 serat,
392 1901 445 1937 non
452 1884 498 1937 ille
505 1890 658 1952 auguratus
664 1884 839 1953 ipsumbrevi
857 1883 1029 1952 reipublicae
1041 1900 1109 1952 opes
1118 1884 1158 1936 ita
1164 1883 1309 1936 absumtae
1321 1892 1394 1951 sunt,

300 1951 451 2004 haeredem
472 1968 565 2005 rerum
587 1968 699 2004 suarum
720 1952 838 2005 Romam
856 1959 888 2004 ut
905 1951 998 2004 omnia
1016 1952 1130 2004 tandem
1152 1952 1189 2004 ad
1209 1950 1396 2004 factiosorum

299 2019 453 2072 rediturum
463 2018 838 2073 esseEtenimoccisoCJul.
856 2018 1012 2087 principum
1022 2019 1166 2071 arbitrium
1175 2020 1306 2071 redirent.
1321 2019 1395 2071 Nam

300 2086 421 2140 Caesare
437 2086 474 2140 M.
484 2086 635 2155 Antonius,
647 2104 780 2140 summam
789 2087 837 2139 im·
857 2087 996 2139 exereitus
1018 2085 1098 2138 Bruti
1125 2092 1154 2140 et
1176 2084 1265 2138 Cassii
1292 2087 1394 2154 partim

298 2154 370 2273 Risui
379 2153 524 2220 affectans,
540 2153 632 2207 statim
641 2154 711 2208 Dec.
721 2154 838 2207 Brutum
856 2153 953 2223 fugam
967 2154 1130 2223 capessivit,
1149 2154 1249 2221 partim
1261 2154 1395 2206 Messalla

330 2222 838 2290 utinaeobsidienepremitetceteres
857 2220 978 2275 Corvino
996 2227 1025 2275 et
1038 2222 1071 2273 L.
1084 2220 1188 2274 Bibulo
1209 2222 1393 2274 suadentibus

299 2290 471 2360 reipublicae
485 2290 591 2343 amicos
609 2289 752 2344 hostiliter
764 2290 838 2343 inse·
856 2289 938 2342 venia
953 2289 1058 2342 reditus
1072 2288 1220 2357 impetrata
1230 2289 1353 2341 Antonio
1365 2295 1395 2342 et

259 2422 262 2427 ,
300 2356 836 2426 ctatur.QuocumpostmedoOctavius,
857 2355 1012 2410 Octaviano
1032 2373 1061 2409 se
1085 2356 1188 2409 dedita
1229 2356 1291 2418 Quo
1315 2356 1393 2409 facto

300 2424 326 2475 vi
349 2424 836 2493 'nticireiterannorumadoleseens,
855 2441 931 2477 nova
962 2423 1168 2493 provinciarum
1196 2423 1393 2477 distributione

300 2509 333 2545 ea
346 2492 480 2545 lidissime
494 2491 596 2545 foedus
608 2492 713 2561 iungit,
735 2498 767 2545 ut
786 2493 837 2548 sci.
856 2491 934 2545 faeta
946 2491 1087 2544 Antonius
1101 2492 1256 2560 permansit
1272 2490 1301 2543 in
1314 2491 1393 2559 Asia,

220 2587 222 2591 ·
298 2559 507 2613 licetavuneuli
521 2560 662 2613 occisores
677 2560 837 2619 ulciscatur,
857 2558 1028 2614 Octavianus
1038 2565 1132 2613 autem
1141 2558 1170 2611 in
1180 2559 1290 2611 Italiam
1300 2560 1392 2624 rediit,

299 2628 345 2681 lta
353 2644 418 2680 mox
428 2628 520 2680 denuo
534 2626 608 2685 inter
618 2626 698 2686 Caes,
708 2627 837 2681 Octavia·
855 2632 887 2679 ut
895 2627 1001 2680 bellurn
1012 2626 1394 2694 eontraSextumPOmpeium

298 2713 374 2763 num,
384 2695 422 2747 M.
432 2693 585 2754 Antonium
596 2700 624 2749 et
633 2694 836 2756 M.Aemil,Le-
876 2700 1071 2763 ersequeretur
1095 2704 1179 2763 atque
1207 2710 1291 2762 agros
1316 2699 1394 2746 octo-

298 2763 394 2832 pidum
409 2768 440 2815 ut
453 2761 611 2815 triumviros
622 2763 837 2817 constituendae
854 2712 1049 2821 deeimltaliae
1060 2760 1170 2813 urbium
1180 2760 1320 2814 veteranis
1329 2778 1393 2828 pro-

298 2830 338 2884 rei
360 2830 472 2883 ublieae
481 2830 624 2897 potentiae
636 2830 758 2883 societas
768 2831 837 2902 (au.
856 2829 956 2881 missos
966 2828 1038 2881 inter
1048 2845 1096 2881 eos
1108 2828 1294 2881 distribueret.
1313 2828 1393 2891 Quae

299 2848 433 2952 71i=la
439 2897 530 2951 a.Chr.
537 2898 576 2969 n.)
582 2898 612 2957 in
618 2898 741 2968 quinque
747 2915 836 2955 annes
856 2896 968 2965 quidem
979 2912 1108 2964 agrorum
1118 2896 1217 2948 divisio
1229 2912 1314 2949 verno
1325 2902 1392 2948 tem·

297 2965 392 3033 initur,
399 2965 551 3035 provinciis
561 2965 837 3019 etiamdenuodistri-
854 2980 924 3031 pore
935 2964 1000 3017 anni
1011 2964 1068 3017 713.
1082 2962 1189 3031 incepit
1203 2980 1256 3016 nee
1267 2963 1325 3016 sine
1336 2979 1392 3016 rna-

298 3033 382 3087 butis.
402 3035 480 3097 Quae
494 3051 540 3087 res
553 3035 637 3103 plane
652 3032 738 3093 cessit
746 3033 775 3086 in
784 3033 837 3086 rei·
855 3032 918 3101 gnis
928 3031 1122 3085 totiusltaliae
1132 3030 1392 3100 perturbationibus

297 3101 429 3171 publicae
439 3101 601 3170 perniciem.
619 3100 692 3156 Nam
701 3100 837 3157 triumviri
855 3105 885 3154 at
905 3118 940 3154 ue
950 3099 1072 3153 motibus
1084 3105 1199 3167 peracta
1210 3103 1277 3151 est.³

297 3169 377 3222 initio
388 3171 454 3223 anni
465 3168 837 3228 713.n0nm0d01ulioCae-
910 3185 961 3221 aee
969 3168 1055 3237 igitur
1061 3167 1276 3235 fuittemporum
1282 3165 1393 3218 illorum

299 3237 355 3291 sari
366 3237 476 3291 divinos
487 3238 610 3297 honores
621 3237 815 3304 decreverunt,
825 3241 836 3281 1
855 3235 968 3291 fortuna
979 3243 1007 3290 et
1018 3234 1157 3302 eonditi0,
1193 3250 1245 3286 uae
1255 3234 1392 3286 Horatius

299 3304 836 3373 sedeodemtemporeetiamnovaseon-
855 3320 924 3371 puer
934 3310 963 3357 et
972 3303 1137 3357 adolescens
1147 3252 1223 3354 vidit.
1243 3301 1321 3363 Quae
1332 3301 1392 3369 qui·

298 3372 427 3425 fecerunt
450 3372 687 3492 proscriptionum
714 3372 836 3439 tabulas,
856 3372 919 3424 dem
944 3376 1072 3439 tempora
1099 3369 1151 3422 etsi
1174 3370 1393 3437 haudquaquam

299 3440 401 3509 quibus
415 3438 444 3491 in
475 3456 545 3492 onos
556 3438 631 3494 cives
640 3454 729 3507 prope
744 3439 837 3492 adhue
855 3437 949 3490 fausta
962 3454 996 3489 ac
1010 3436 1105 3489 felicia
1118 3434 1244 3503 fuerunt,
1268 3437 1393 3504 quando·

299 3506 837 3574 crudeliussaevitumest,quamfactum
856 3504 967 3573 quidem
981 3503 1022 3556 rei
1044 3503 1154 3557 ublieae
1168 3504 1313 3556 Romanae
1330 3520 1394 3581 per-

299 3581 360 3629 urat
378 3572 502 3627 Sullanis
520 3574 706 3652 temporibus,
735 3579 764 3628 et
781 3591 837 3626 una
855 3576 939 3640 petuo
956 3521 1167 3648 eumiibertatis
1182 3587 1248 3623 suae
1263 3572 1393 3623 hostibus

299 3659 362 3696 eum
380 3641 532 3694 innumeris
547 3640 609 3694 aliis
628 3640 712 3694 etiam
730 3640 768 3694 M.
781 3640 837 3694 Va·
856 3637 1075 3691 conflictandum
1085 3636 1146 3705 furt,
1156 3653 1245 3706 usque
1257 3639 1322 3690 dum
1331 3638 1393 3705 ipsa

289 3708 384 3771 ,letius
395 3709 539 3776 Messalla,
560 3708 607 3778 qui
616 3709 713 3776 paullo
728 3713 793 3761 ante
809 3707 837 3760 in
854 3704 930 3757 humi
935 3709 1171 3824 lprosterneretur,
1179 3722 1263 3774 quum
1273 3705 1392 3772 interim,

297 3776 394 3831 Asiam
405 3777 561 3830 adBrutum
571 3775 747 3845 confugerat,
754 3774 838 3827 morti
855 3778 887 3825 ut
901 3788 934 3825 ca
946 3777 1072 3824 amrtosrs
1090 3772 1249 3824 1st1usmodi
1263 3774 1393 3841 tempori-

299 3844 419 3899 devetus
434 3849 503 3897 esta
524 3845 678 3896 Praeterea
696 3842 737 3895 illi
752 3842 837 3896 etiam
855 3840 908 3892 bus
927 3838 988 3893 fieri
1007 3839 1125 3907 assolet,
1150 3841 1232 3892 etiam
1251 3840 1394 3893 teterrima

298 3914 405 3968 bellum
410 3913 546 3966 adversus
552 3912 668 3964 Brutum
675 3916 704 3964 et
709 3909 837 3963 Cassium
855 3907 932 3976 vitia,
943 3906 1087 3972 avaritiae,
1097 3906 1392 3974 mollitiae,lubidiuis,

299 3981 493 4047 decreverunt,
507 3978 588 4033 itaut
597 3977 736 4031 veteranis
746 3976 837 4029 militi·
854 3979 885 4027 tu
920 3976 944 4029 is
962 3974 1136 4043 ambitionis,
1154 3974 1318 4043 impietatis,
1337 3976 1392 4027 iam

222 4110 224 4113 ¹
298 4049 443 4103 busbello
459 4046 589 4101 confecto
604 4063 621 4098 a
658 4044 837 4098 'octodecim
856 4043 893 4095 du
914 4062 960 4097 um
981 4043 1086 4097 nutrita
1108 4043 1159 4096 illa
1178 4048 1207 4096 et
1224 4047 1391 4110 propagata,

298 4116 398 4171 Italiae
408 4115 527 4182 urbium,
542 4114 571 4167 in
582 4115 629 4193 qui
651 4130 684 4165 us
694 4110 836 4166 etiamVe·
855 4111 884 4164 in
894 4112 954 4165 dies
963 4111 1053 4180 magis
1063 4116 1272 4191 grassarentur3
1299 4114 1392 4161 tamen

299 4184 389 4252 nusia,
403 4182 626 4262 Horatii-patria,
637 4180 699 4247 fuit,
714 4179 989 4248 itemquelHoratiO,
1008 4185 1039 4231 ut
1056 4181 1151 4232 tuturo
1169 4183 1286 4247 poetae,
1304 4176 1390 4228 haud-

300 4269 402 4321 magna
419 4267 555 4320 pecuniae
574 4267 617 4301 vis
634 4246 751 4316 praemii
772 4247 836 4300 loco
1016 4277 1023 4285 ·

880 4319 892 4356 l
906 4328 927 4356 v.
941 4318 983 4356 Dio
994 4315 1054 4356 Cass.
1064 4314 1159 4355 XLVIII.
1171 4316 1203 4353 30.
1222 4313 1313 4361 Appiam
1325 4313 1361 4351 IV.
1372 4316 1392 4353 3.

325 4426 337 4462 1
351 4423 393 4461 mo
404 4421 464 4461 cass.
473 4422 562 4460 xnvn.
572 4421 604 4459 rs.
615 4417 663 4458 0011.
674 4418 730 4457 xm.
740 4419 772 4457 as.
856 4368 999 4466 adliditur.
1009 4417 1046 4454 rv.
1057 4417 1101 4454 ras.

325 4477 338 4514 I
352 4484 373 4512 v.
383 4474 425 4513 Dio
436 4470 496 4511 Cass.
506 4471 581 4511 XLIII.
592 4472 624 4536 ¹⁶:
881 4470 893 4507 3
906 4480 927 4507 v.
938 4469 979 4507 Illo
990 4466 1050 4506 Cass.
1061 4466 1155 4505 XLVIII.
1167 4467 1186 4503 6.
